3350 5366
275 643 340 712 304
599 639 650 690 DE
671 635 797 690 cnuto
821 637 868 689 ET
891 635 1071 690 turstano.

271 818 362 886 sunt,
380 817 549 894 apparent
561 785 657 872 'sicut
676 809 821 890 nigrum,
841 807 919 892 quia
936 807 1054 872 clausa
1071 816 1163 884 sunt,
1182 815 1219 872 et
1242 827 1390 891 quorun·

272 906 352 970 dam
370 904 459 968 sicut
478 903 659 967 obscurum
675 905 824 986 igneum,
840 903 897 986 qui
915 911 996 967 sunt
1014 903 1070 986 qui
1088 903 1123 966 in
1139 903 1223 966 dolo
1239 903 1392 986 maligno

272 999 415 1064 interius
432 997 592 1076 fuerunt3
616 999 791 1061 exteriora
813 1007 929 1061 autem
950 1005 1119 1080 apparent
1142 997 1176 1060 in
1198 997 1315 1061 colore
1337 1007 1391 1062 te·

272 1103 338 1170 tro,
357 1101 395 1157 et
423 1092 469 1156 ad
497 1089 673 1174 aspeb'tum
692 1091 794 1156 tristi.
840 1091 1025 1174 (Interiora
1047 1100 1083 1154 et
1112 1091 1288 1156 exteriora
1306 1111 1392 1175 quae

272 1187 398 1250 mentis
414 1195 450 1250 et
466 1186 569 1249 animi
581 1196 673 1260 sunt,
684 1186 718 1248 in
730 1186 859 1249 mundo
871 1185 1039 1267 spirituali
1052 1185 1219 1248 sistuntur
1230 1185 1390 1259 videnda,

272 1282 409 1363 quoties
419 1281 570 1344 Domino
581 1279 814 1362 beneplacet.)
861 1278 928 1361 Qui
945 1281 978 1342 in
990 1297 1107 1342 amore
1119 1299 1287 1362 corporeo
1298 1289 1389 1354 sunt,
1481 1333 1489 1350 ,

273 1374 357 1438 nihil
372 1375 490 1438 vident
508 1375 542 1438 in
561 1374 636 1438 luce
652 1374 758 1438 caeli:
783 1374 843 1437 lux
859 1373 946 1438 caeli
965 1373 1032 1437 illis
1047 1383 1101 1437 est
1116 1373 1251 1456 caligo;
1275 1383 1312 1438 at
1330 1373 1391 1436 iux

273 1469 405 1544 inferni,
424 1489 511 1552 quae
530 1479 585 1532 est
603 1471 693 1532 sicut
717 1469 777 1532 lux
800 1487 846 1532 ex
869 1469 989 1550 ignitis
1013 1467 1228 1544 carbonibus,
1248 1479 1302 1533 est
1324 1468 1391 1532 illis

272 1565 363 1628 sicut
385 1563 479 1628 clara
501 1563 587 1642 lux3
622 1565 656 1628 in
684 1563 759 1626 luce
782 1563 868 1627 caeli
898 1564 1004 1628 etiam
1023 1563 1272 1628 obtenebratur
1299 1565 1391 1627 visus

273 1677 390 1722 eorum
419 1659 570 1734 interior,
598 1677 704 1741 usque
733 1667 771 1721 ut
806 1659 990 1733 insaniant,
1020 1667 1230 1740 quapropter
1257 1657 1391 1740 fugiunt

274 1753 379 1830 illam,
398 1763 434 1818 et
453 1753 645 1817 recondunt
663 1772 700 1816 se
722 1753 757 1814 in
776 1753 884 1816 antris
903 1762 938 1816 et
961 1753 1128 1828 cavernis,
1148 1753 1314 1836 profunde
1336 1771 1391 1816 se-

274 1847 422 1912 cundnm
441 1847 528 1910 falsa
550 1867 595 1910 ex
619 1846 719 1910 malis
737 1847 827 1928 apud
847 1865 928 1910 eos:
952 1847 1101 1910 vicissim
1120 1856 1237 1910 autem
1256 1845 1316 1922 ilii,
1335 1848 1392 1929 qui

273 1944 307 2006 in
326 1959 443 2006 amore
462 1941 604 2006 caelesti
622 1949 711 2016 sunt,
732 1961 799 2023 quo
817 1942 958 2004 interius
976 1961 1036 2004 seu
1054 1943 1207 2022 superius
1229 1941 1264 2004 in
1280 1940 1390 2003 lucem

274 2037 360 2101 caeli
372 2037 524 2111 veniunt,
536 2055 579 2099 eo
591 2035 715 2099 clarius
727 2035 843 2098 omnia
854 2036 984 2111 vident,
997 2045 1034 2098 et
1050 2055 1186 2118 quoque
1199 2035 1391 2116 pulchriora

274 2132 398 2206 omnia,
417 2150 458 2193 ac
481 2151 524 2194 eo
546 2129 798 2211 intelligentius
820 2139 857 2194 et
880 2131 1069 2212 sapientius
1088 2131 1278 2212 percipiunt
1300 2149 1390 2193 vera.

274 2225 341 2307 Qui
360 2226 393 2288 in
413 2215 529 2288 amore
545 2243 710 2307 corporeo
726 2234 816 2298 sunt,
834 2243 1047 2307 nequaquam
1063 2225 1178 2288 vivere
1194 2234 1339 2306 possunt
1358 2225 1391 2286 in

275 2319 389 2383 calore
409 2318 507 2393 caeli,
528 2337 607 2382 nam
631 2317 726 2382 calor
747 2318 835 2382 caeli
864 2328 918 2382 est
949 2317 1110 2382 caelestis
1137 2337 1243 2395 amor,
1266 2317 1328 2382 sed
1357 2319 1391 2382 in

274 2415 388 2478 calore
406 2411 537 2488 inferni,
557 2413 613 2495 qui
631 2421 685 2476 est
704 2429 801 2476 amor
817 2413 991 2476 saeuiendi
1009 2414 1043 2475 in
1062 2413 1148 2476 alios
1166 2415 1223 2495 qui
1241 2412 1304 2476 sibi
1323 2431 1391 2476 non

273 2508 401 2570 favent.
446 2505 676 2588 Contemptus
694 2506 848 2582 aliorum,
869 2507 1078 2582 inimicitiae,
1098 2507 1188 2582 odia,
1208 2504 1390 2578 vinditiae,

275 2611 355 2664 sunt
378 2599 469 2664 iliius
492 2601 618 2663 amoris
638 2599 812 2681 jucunda;
846 2601 880 2664 in
910 2601 1131 2684 quibuscum
1155 2611 1246 2677 sunt,
1270 2601 1305 2664 in
1331 2621 1393 2663 sua

274 2695 346 2758 vita
362 2705 441 2758 sunt
456 2715 464 2773 ;
487 2715 624 2777 prorsus
640 2715 709 2758 non
722 2696 873 2759 scientes
888 2697 968 2778 quid
985 2696 1029 2759 sit
1049 2697 1176 2760 bonum
1191 2695 1302 2760 iacere
1317 2695 1392 2758 aliis

275 2810 319 2852 ex
339 2791 415 2872 ipso
433 2789 535 2864 bono,
556 2797 592 2852 et
611 2801 753 2871 propter
770 2791 880 2872 ipsum
900 2789 1040 2866 bonum,
1060 2791 1121 2854 sed
1141 2791 1245 2854 modo
1263 2791 1390 2853 bonum

275 2903 321 2947 ex
339 2883 432 2947 maio
451 2893 486 2946 et
506 2892 646 2964 propter
663 2884 801 2947 malum.
846 2881 913 2965 Qui
931 2886 965 2948 in
983 2903 1100 2948 amore
1118 2903 1283 2966 corporeo
1299 2893 1390 2954 sunt,

275 2997 339 3042 nec
353 2979 519 3059 respirare
535 2987 680 3058 possunt
699 2979 733 3042 in
752 2977 850 3042 caelo
866 2997 874 3040 t
898 2997 975 3042 cum
992 2979 1112 3061 aliquis
1128 2979 1238 3042 malus
1254 2979 1391 3060 spiritus

275 3074 354 3138 illuc
370 3071 486 3146 fertur,
503 3070 610 3134 trahit
626 3072 777 3135 animam
793 3075 881 3142 sicut
897 3073 954 3154 qui
973 3073 1108 3136 laborat
1128 3073 1162 3135 in
1179 3091 1312 3154 agone3
1336 3074 1392 3155 qui

274 3177 391 3232 autem
409 3167 444 3229 in
462 3164 604 3228 caelesti
620 3185 737 3229 amore
752 3177 842 3242 sunt,
862 3187 904 3230 eo
920 3167 1057 3231 liberius
1072 3169 1252 3249 respirant,
1266 3175 1301 3230 et
1319 3167 1392 3248 ple·

275 3265 350 3326 nius
372 3263 503 3336 vivunt,
523 3279 591 3343 qno
609 3259 750 3324 interius
772 3263 806 3324 in
829 3261 937 3326 caelo.
982 3261 1038 3326 Ex
1061 3262 1114 3325 his
1133 3272 1294 3326 constare
1313 3271 1391 3344 pot·
1450 3325 1456 3338 ,

189 3431 191 3435 ,
276 3366 342 3433 est,
363 3356 454 3440 quod
478 3373 575 3418 amor
601 3354 762 3418 caelestis
792 3365 827 3420 et
858 3357 1042 3440 spiritualis
1072 3357 1117 3421 sit
1147 3357 1279 3421 caelum
1302 3357 1391 3440 apud

275 3451 461 3524 hominem,
482 3451 560 3533 quia
588 3449 638 3512 iili
667 3451 775 3514 amori
795 3454 911 3514 omnia
928 3452 1015 3516 caeli
1041 3452 1208 3534 inscripta
1226 3461 1326 3529 sunt;
1357 3460 1392 3514 et

276 3546 369 3630 quod
386 3563 483 3608 amor
499 3561 682 3625 corporeus
699 3553 735 3608 et
756 3543 880 3628 [amor]
898 3545 1089 3610 mundanus
1105 3547 1234 3630 absque
1249 3543 1392 3609 caelesti

276 3653 312 3705 et
331 3639 498 3724 spirituali
517 3639 586 3704 sint
605 3639 772 3704 infernum
790 3641 881 3723 apud
904 3641 1089 3716 hominem,
1110 3641 1188 3724 quia
1209 3639 1277 3704 illis
1295 3659 1390 3704 amo·

277 3737 368 3800 ribus
386 3735 501 3798 omnia
518 3733 637 3798 inferni
656 3735 821 3818 inscripta
839 3745 929 3800 sunt.
974 3736 1032 3799 Ex
1050 3736 1102 3799 his
1121 3743 1231 3817 patet,
1248 3735 1339 3817 quod
1358 3734 1392 3796 in

277 3829 410 3894 caelum
429 3828 558 3904 veniat,
578 3828 631 3892 cui
650 3847 745 3893 amor
763 3829 924 3894 caelestis
947 3841 982 3894 et
1005 3829 1190 3912 spiritualis
1208 3839 1275 3906 est,
1295 3847 1335 3892 ac
1358 3829 1391 3891 in

277 3923 444 3988 infernum
459 3923 513 3988 cui
528 3940 625 3987 amor
641 3944 824 4007 corporeus
842 3934 879 3990 et
898 3925 1091 3988 mundanus
1106 3926 1234 4007 absque
1250 3921 1392 3988 caelesti

277 4029 313 4082 et
332 4017 499 4100 spirituali
517 4026 583 4080 est.

342 4113 441 4194 482.
465 4109 573 4196 [(iv.)]
600 4109 697 4188 Quod
701 4111 793 4195 fides
812 4129 875 4172 non
893 4117 1027 4172 maneat
1040 4107 1203 4172 hominem
1218 4107 1254 4172 εἰ
1268 4127 1331 4172 non
1352 4127 1394 4171 ex

278 4228 392 4272 amore
398 4205 534 4270 caelesti
544 4205 600 4282 sit,
615 4216 759 4289 pettam
771 4205 914 4270 multam
927 4204 1176 4286 experientiam
1189 4203 1270 4268 mihi
1284 4205 1392 4268 mani·

278 4301 442 4364 testatum
460 4309 527 4375 est,
544 4309 582 4363 ut
601 4301 629 4362 si
648 4299 707 4363 iila
724 4319 811 4381 quae
826 4298 895 4361 vidi
914 4307 950 4361 et
969 4297 1082 4360 audivi
1101 4298 1144 4360 de
1163 4317 1204 4360 ea
1221 4317 1269 4372 re,
1286 4297 1393 4361 addu-

279 4405 448 4468 cerentur,
476 4393 660 4476 implerent
690 4393 821 4456 librum.
867 4391 944 4455 Hoc
974 4392 1094 4456 testari
1124 4409 1273 4474 possum,
1303 4390 1394 4474 quod

280 4509 418 4571 prorsus
437 4488 531 4554 nulla
549 4487 634 4552 fides
652 4489 706 4564 sit,
724 4507 786 4552 nec
811 4487 880 4550 ulia
901 4487 975 4550 dari
998 4487 1107 4568 possit
1125 4485 1217 4568 apud
1239 4485 1318 4550 illos
1340 4485 1395 4568 qui

280 4587 313 4648 in
333 4603 450 4649 amore
465 4603 631 4667 corporeo
649 4603 687 4647 ac
707 4583 881 4646 mundano
899 4581 1027 4663 absque
1043 4580 1186 4646 caelesti
1204 4590 1240 4645 et
1259 4581 1394 4663 spiritu·
