3350 5366
295 671 357 738 3¹0
616 665 669 718 Da
691 665 818 718 caeto
840 665 889 716 aa
912 653 1094 716 tumulto.
1162 681 1166 696 κ
1218 682 1221 696 ·

290 837 443 902 sordium
463 836 622 919 expertia
644 835 791 918 fugiunt,
811 835 891 918 quia
913 833 981 898 illis
1004 833 1189 916 injucunda
1212 842 1302 897 sunt.
1349 832 1416 908 Illi,

290 936 347 1018 qui
363 935 396 997 in
414 933 591 998 adulteriis
600 932 787 1015 jucundum
800 941 977 1015 ceperunt,
992 933 1025 994 in
1042 930 1261 1012 lupanaribus
1272 931 1416 1013 degunt,

290 1031 347 1094 ubi
377 1029 517 1094 sordida
543 1040 579 1094 et
605 1028 776 1113 squallida
805 1030 942 1107 omnia;
973 1029 1060 1092 haec
1084 1037 1212 1104 amant,
1237 1047 1277 1091 ac
1301 1037 1417 1091 castas

291 1127 415 1192 domos
437 1126 595 1208 fugiunt3
623 1136 661 1190 ut
685 1127 830 1208 primum
854 1126 897 1188 ad
920 1125 984 1189 has
1002 1125 1156 1200 veniunt,
1173 1126 1207 1187 in
1231 1124 1417 1207 deliquium

290 1226 440 1302 cadunt;
468 1223 552 1287 nihil
572 1223 752 1304 jucundius
770 1223 838 1286 illis
861 1233 916 1287 est
940 1223 1224 1304 quamscindere
1247 1221 1416 1304 conjugia.

291 1319 358 1403 Qui
376 1319 548 1385 vindidbae
568 1322 682 1402 cupidi
700 1319 847 1395 fuerunt,
867 1329 904 1384 et
923 1320 1003 1384 inde
1022 1329 1242 1384 attraxerunt
1259 1329 1418 1383 naturam

290 1438 429 1482 saevam
446 1427 481 1482 et
502 1418 688 1494 crudelem,
707 1418 918 1482 cadaverosa
937 1427 1056 1481 amant
1067 1439 1077 1496 ;
1100 1426 1137 1481 et
1155 1436 1291 1500 quoque
1309 1417 1344 1480 in
1362 1426 1416 1480 ta·

291 1513 378 1578 libus
396 1515 536 1579 infernis
555 1525 645 1579 sunt.
691 1515 763 1578 Alii
782 1515 895 1580 aliter.

353 1613 460 1694 489·
487 1611 644 1693 Jucunda
661 1622 779 1676 autem
796 1612 890 1676 vitae
909 1611 1055 1687 illorum,
1073 1611 1130 1694 qui
1149 1613 1182 1674 in
1201 1630 1319 1674 amore
1338 1629 1417 1674 cae·

291 1711 371 1773 lesti
401 1710 434 1770 in
465 1709 594 1772 mundo
620 1711 794 1784 vixerunt,
822 1718 1006 1772 vertuntur
1034 1709 1068 1772 in
1097 1708 1415 1789 correspondentia,

290 1805 405 1889 qualia
424 1815 504 1868 sunt
527 1807 562 1868 in
586 1807 701 1882 caelis,
722 1825 809 1888 quae
829 1807 986 1870 existunt
1009 1825 1056 1869 ex
1085 1803 1166 1869 Sole
1185 1805 1284 1880 caeli,
1305 1813 1342 1868 et
1371 1823 1416 1866 ex

291 1903 366 1966 luce
386 1903 476 1979 inde,
494 1923 581 1986 quae
600 1903 661 1968 lux
680 1903 725 1966 ad
745 1905 854 1966 visum
873 1905 966 1966 sistit
986 1903 1081 1978 talia,
1100 1921 1187 1985 quae
1207 1905 1299 1966 intus
1322 1903 1356 1966 in
1379 1921 1416 1965 se

290 2001 483 2064 recondunt
500 2000 644 2063 Divina:
668 2000 729 2064 illa
744 2020 831 2083 quae
847 2001 926 2064 inde
943 2012 1121 2082 apparent,
1139 1999 1291 2063 alliciunt
1308 2017 1415 2080 ange·

290 2097 400 2161 lorum
413 2097 577 2160 interiora
589 2117 676 2179 quae
690 2099 817 2162 mentis
829 2117 946 2161 eorum
962 2108 1055 2172 sunt,
1068 2117 1108 2160 ac
1125 2097 1225 2160 simul
1241 2098 1417 2160 exteriora

290 2213 377 2276 quae
397 2194 550 2276 corporis
568 2213 706 2258 eorum:
729 2203 767 2259 et
785 2196 864 2277 quia
883 2194 1009 2258 Divina
1028 2193 1117 2268 Lux,
1138 2213 1226 2275 quae
1245 2204 1300 2256 est
1319 2193 1415 2256 Divi·

291 2311 371 2354 num
385 2289 515 2354 Verum
532 2291 724 2372 procedens
740 2311 761 2354 a
780 2291 941 2366 Domino,
958 2291 1066 2354 influit
1081 2293 1115 2353 in
1132 2299 1269 2354 mentes
1285 2309 1413 2364 eorum,

291 2409 378 2471 quae
395 2407 455 2468 per
472 2407 626 2452 amorem
640 2388 829 2452 caelestem
846 2399 989 2470 apertae
1005 2398 1097 2463 sunt,
1114 2388 1194 2452 ideo
1209 2390 1243 2450 in
1258 2389 1416 2452 externis

290 2487 383 2548 sistit
414 2485 499 2548 talia
521 2507 609 2569 quae
633 2487 906 2566 correspondent
932 2485 1091 2567 jucundis
1120 2487 1246 2548 amoris
1269 2485 1415 2548 illorum.

290 2581 393 2663 Quod
415 2583 486 2658 illa,
506 2603 593 2665 quae
617 2585 661 2647 ad
684 2585 795 2646 visum
819 2592 988 2665 apparent
1011 2583 1046 2646 in
1069 2581 1184 2657 caelis,
1209 2601 1414 2663 correspon-

289 2680 396 2742 deant
415 2681 634 2743 interioribus
657 2680 872 2761 angelorum,
891 2701 952 2744 seu
975 2679 1043 2744 illis
1061 2699 1148 2761 quae
1172 2689 1253 2742 sunt
1276 2678 1356 2742 fi'dei
1379 2688 1415 2743 et

290 2779 415 2840 amoris
434 2797 474 2839 ac
494 2778 573 2840 inde
593 2777 850 2858 intelligentiae
868 2787 904 2841 et
927 2778 1118 2858 sapientiae
1135 2777 1283 2850 illorum,
1303 2778 1337 2839 in
1360 2797 1414 2840 ar·

290 2873 397 2936 ticulo
420 2875 476 2936 ubi
503 2872 618 2938 abtum
641 2884 695 2938 est
718 2875 761 2936 de
785 2873 1106 2956 Repraesentativis
1129 2883 1165 2936 et
1189 2873 1414 2955 Apparentiis

289 2971 322 3033 in
342 2969 449 3034 Caelo
467 2970 514 3053 (n.
535 2971 706 3053 170-176),
724 2981 760 3034 et
784 2973 817 3034 in
841 2971 987 3035 articulo
1007 2972 1063 3034 ubl
1081 2972 1125 3034 de
1145 2969 1323 3052 Sapientia
1339 2970 1414 3033 An·

290 3067 446 3149 gelorum
470 3067 566 3132 Caeli
592 3066 639 3150 (n.
665 3068 839 3151 265-275),
862 3080 1041 3132 ostensum
1064 3079 1129 3131 est.
1175 3067 1347 3148 Quoniam
1370 3068 1415 3130 ab

289 3165 526 3246 experientiae
545 3165 717 3247 exemplis
732 3166 908 3248 inceptum
927 3177 983 3229 est
1002 3165 1203 3229 confirmare
1223 3164 1312 3228 hanc
1331 3183 1413 3240 rem,

289 3272 326 3325 ut
345 3261 557 3325 illustrentur
572 3281 658 3344 quae
674 3283 720 3326 ex
735 3282 846 3326 rerum
863 3265 975 3326 causis
992 3265 1083 3345 prius
1098 3260 1190 3326 didia
1206 3271 1297 3335 sunt,
1312 3262 1414 3324 velim

289 3360 393 3422 etiam
418 3359 531 3442 aliqua
560 3359 603 3422 de
630 3359 790 3441 jucundis
813 3361 1031 3434 caelestibus,
1060 3361 1094 3422 in
1124 3379 1211 3442 quae
1234 3369 1415 3422 vertuntur

286 3456 435 3537 jucunda
455 3457 625 3519 naturalia
644 3458 733 3538 apud
753 3457 832 3521 illos
855 3459 911 3540 qui
934 3459 968 3520 in
992 3457 1138 3520 caelesti
1157 3477 1273 3520 amore
1291 3457 1414 3520 vivunt

290 3555 323 3615 in
340 3555 479 3628 mundo,
494 3555 527 3617 in
544 3555 695 3617 medium
708 3553 836 3618 afferre.
884 3553 950 3636 Qui
968 3555 1092 3618 Divina
1107 3573 1188 3617 vera
1203 3574 1243 3617 ac
1261 3553 1415 3616 Verbum

290 3659 491 3714 amaverunt
510 3671 555 3714 ex
574 3649 755 3714 affectione
771 3653 944 3725 interiore,
962 3671 1022 3715 seu
1044 3671 1090 3715 ex
1113 3649 1292 3715 alfediione
1311 3653 1415 3731 ipsius

289 3748 370 3820 veri,
388 3747 437 3810 illi
454 3749 487 3810 in
506 3747 617 3812 altera
632 3749 705 3812 vita
720 3749 881 3812 habitant
898 3750 931 3812 in
949 3750 1034 3825 luce,
1048 3750 1081 3812 in
1098 3749 1202 3812 editis
1218 3748 1314 3822 locis,
1327 3767 1414 3830 quae

289 3853 458 3924 apparent
478 3846 567 3908 sicut
590 3855 739 3920 montes,
759 3856 795 3910 et
814 3847 859 3910 ibi
878 3847 911 3910 in
931 3846 1007 3910 luce
1026 3846 1113 3910 caeli
1131 3847 1293 3908 continue
1313 3855 1413 3909 sunt:

290 3960 358 4003 non
376 3943 488 4005 sciunt
508 3943 587 4024 quid
605 3943 769 4006 tenebrae
787 3943 906 4026 quales
923 3953 1003 4006 sunt
1017 3941 1131 4007 noetis
1150 3945 1183 4006 in
1203 3941 1331 4006 mundo
1346 3963 1354 4020 ;
1378 3951 1413 4005 et

289 4059 424 4120 quoque
454 4041 488 4102 in
515 4042 683 4122 temperie
706 4061 812 4104 verna
835 4042 966 4106 vivunt.
1011 4041 1071 4104 Ad
1094 4038 1272 4123 aspectum
1296 4059 1413 4104 eorum

289 4137 456 4198 sistuntur
468 4137 563 4218 quasi
580 4139 653 4218 agri
669 4147 704 4200 et
721 4157 862 4211 messeS.
879 4147 915 4202 et
931 4159 1066 4221 quoque
1081 4139 1202 4201 vineae
1220 4159 1227 4216 ;
1252 4137 1285 4200 in
1302 4137 1413 4200 domi·

289 4235 352 4295 bus
376 4253 492 4296 eorum
516 4233 650 4316 fulgent
674 4227 810 4317 singula
839 4235 928 4298 sicut
958 4257 1004 4300 ex
1036 4235 1206 4318 lapidibus
1230 4235 1412 4316 pretiosis;

289 4329 448 4412 aspedtus
465 4351 582 4394 eorum
598 4351 658 4412 per
673 4331 843 4396 fenestras
862 4342 915 4396 est
936 4333 1024 4397 sicut
1044 4353 1105 4415 per
1124 4353 1207 4414 pura
1225 4331 1411 4414 crystalla:

288 4428 374 4490 haec
395 4427 545 4509 jucunda
567 4429 658 4490 visus
681 4449 798 4492 eorum
822 4439 912 4504 sunt,
932 4421 993 4493 se'd
1016 4431 1138 4493 eadem
1161 4429 1247 4492 haec
1271 4431 1414 4492 inte'rius

287 4524 435 4606 jucunda
451 4535 531 4588 sunt
548 4545 593 4588 ex
613 4527 927 4608 correspondentiis
943 4547 1019 4590 curn
1037 4525 1169 4590 Divinis
1185 4525 1412 4598 caelestibus:

290 4640 370 4685 nam
389 4643 470 4686 vera
489 4641 577 4705 quae
595 4643 640 4686 ex
661 4621 791 4698 Verbo,
805 4641 893 4707 quae
908 4633 1122 4700 amaverunt,
1140 4623 1413 4705 correspondent
