3368 5356
295 628 333 710 58
619 637 670 688 nn
693 635 819 687 cneco
842 633 891 686 nn
915 633 1097 686 rnrnnxo.

289 811 370 895 quid
390 808 706 892 correspondentia,
722 817 759 873 et
777 807 888 892 qualis
904 805 966 871 illa
976 828 984 886 ;
1008 809 1056 871 sic
1075 807 1180 870 etiam
1199 815 1339 894 paratur
1356 807 1412 871 via

289 907 332 970 ad
351 906 542 988 sequentia.

353 1003 426 1084 89.
468 1001 615 1064 Primum
648 997 729 1082 quid
763 997 1079 1079 correspondentia,
1115 997 1255 1061 dicetur.
1300 996 1411 1061 Totus

288 1097 433 1160 mundus
444 1095 609 1159 naturalis
619 1093 866 1173 correspondet
878 1092 1006 1156 mundo
1016 1091 1181 1173 spirituali
1192 1113 1200 1170 ;
1224 1112 1287 1155 nec
1300 1092 1411 1155 solum

288 1191 434 1254 mundus
450 1189 615 1254 naturalis
634 1190 668 1250 in
686 1188 870 1264 communi,
887 1187 948 1250 sed
967 1189 1072 1250 etiam
1091 1188 1124 1249 in
1144 1187 1287 1268 singulis
1302 1209 1310 1266 ;
1327 1207 1410 1270 qua·

288 1295 429 1366 propter
446 1277 606 1366 quicquid
630 1283 664 1345 in
688 1282 815 1345 mundo
838 1281 985 1346 naturali
1007 1282 1129 1345 existit
1152 1303 1199 1345 ex
1222 1280 1410 1363 spirituali,

287 1379 321 1442 id
351 1379 475 1443 dicitur
502 1376 787 1458 correspondens.
834 1373 1019 1440 Sciendum
1050 1385 1115 1452 est,
1144 1376 1235 1458 quod
1264 1376 1411 1440 mundus

288 1473 453 1537 naturalis
472 1473 603 1535 existat
623 1481 658 1535 et
678 1471 844 1534 subsistat
864 1491 909 1532 ex
929 1471 1057 1534 mundo
1076 1471 1254 1552 spirituali,
1275 1492 1411 1554 prorsus

286 1569 375 1631 sicut
402 1565 542 1631 effestus
570 1587 615 1629 ex
643 1585 705 1628 sua
729 1585 831 1628 causa
849 1563 1030 1629 efficiente.
1077 1563 1226 1628 Mundus
1246 1565 1410 1630 naturalis

288 1661 412 1725 dicitur
434 1681 535 1726 omne
559 1661 593 1723 id
617 1671 812 1734 extensum,
837 1659 929 1742 quod
952 1659 1015 1722 sub
1037 1659 1110 1723 sole
1133 1670 1197 1736 est,
1222 1669 1257 1724 et
1281 1682 1326 1724 ex
1350 1659 1410 1724 illo

287 1754 436 1818 calorem
453 1765 488 1818 et
508 1756 618 1818 lucem
635 1757 775 1838 recipit;
800 1763 836 1818 et
855 1754 945 1817 illius
961 1756 1077 1817 mundi
1093 1765 1173 1819 sunt
1190 1755 1306 1819 omnia
1324 1777 1410 1840 quae

286 1849 365 1912 inde
385 1851 597 1914 subsistunt:
622 1849 972 1931 mundusspiritualis
992 1860 1108 1913 autem
1132 1859 1185 1914 est
1208 1849 1354 1926 caelum,
1374 1859 1410 1914 et

286 1945 375 2008 illius
395 1945 512 2008 mundi
531 1954 610 2008 sunt
628 1945 744 2008 omnia
762 1965 849 2027 quae
869 1945 903 2007 in
922 1943 1036 2008 caelis.

351 2054 427 2121 90.
451 2039 539 2122 Quia
549 2041 653 2104 homo
664 2049 717 2103 est
728 2039 861 2102 caelum
871 2049 907 2103 et
921 2061 1055 2122 quoque
1065 2040 1212 2102 mundus
1224 2041 1258 2103 in
1271 2041 1410 2104 minima

286 2129 395 2198 forma
416 2135 460 2197 ad
483 2137 667 2216 imaginem
691 2135 832 2198 maximi
858 2133 1029 2217 (videatur
1052 2155 1162 2217 supra,
1185 2155 1216 2197 n.
1243 2133 1309 2218 57),
1329 2135 1408 2198 ideo

286 2231 376 2312 apud
405 2229 500 2293 illum
528 2241 582 2294 est
613 2229 758 2292 mundus
777 2229 961 2311 spiritualis
991 2239 1027 2292 et
1058 2230 1203 2292 mundus
1223 2230 1407 2297 naturalis:

286 2325 456 2400 interiora,
477 2345 564 2408 quae
587 2326 712 2388 mentis
736 2323 806 2406 ejus
829 2335 921 2400 sunt,
945 2334 981 2388 et
1005 2345 1041 2386 se
1064 2323 1214 2388 referunt
1237 2325 1281 2387 ad
1304 2325 1408 2388 intel·

286 2417 413 2482 ledium
436 2429 472 2482 et
495 2419 724 2494 voluntatem,
744 2419 873 2483 iaciunt
897 2419 967 2500 ejus
988 2419 1153 2482 mundum
1177 2419 1407 2501 spiritualem

287 2515 460 2576 exteriora
478 2523 593 2577 autem
613 2535 700 2595 quae
719 2513 790 2595 ejus
806 2515 958 2596 corporis
978 2525 1069 2590 sunt,
1087 2524 1122 2577 et
1142 2535 1178 2576 se
1197 2515 1345 2578 referunt
1364 2515 1407 2578 ad

286 2607 382 2690 hujus
402 2627 522 2672 sensus
542 2619 577 2671 et
596 2607 760 2682 astionem
780 2608 909 2672 faciunt
927 2607 998 2690 ejus
1018 2611 1181 2672 mundum
1195 2609 1406 2674 naturalem:

287 2704 444 2787 quicquid
467 2705 583 2786 itaque
612 2705 646 2767 in
670 2705 799 2766 mundo
822 2703 893 2786 ejus
918 2705 1077 2780 naturali,
1102 2705 1167 2769 hoc
1191 2715 1256 2782 est,
1280 2707 1314 2768 in
1338 2703 1408 2788 ejus

287 2815 428 2880 corpore
459 2809 494 2863 et
524 2798 621 2880 hujus
644 2799 799 2862 sensibus
828 2809 864 2863 et
894 2797 1082 2863 adiionibus
1111 2821 1157 2864 ex
1188 2801 1315 2864 mundo
1337 2801 1408 2883 ejus

286 2893 463 2975 spirituali,
484 2893 549 2956 hoc
573 2903 637 2970 est,
662 2915 708 2957 ex
738 2893 809 2976 ejus
832 2904 949 2958 mente
979 2905 1015 2959 et
1044 2894 1142 2978 hujus
1164 2891 1343 2960 intelledlu
1371 2905 1408 2962 et

286 2988 477 3062 voluntate,
498 2988 627 3063 existit,
648 2999 791 3052 vocatur
810 2990 1090 3070 correspondens.

349 3095 418 3162 91·
441 3079 561 3163 Qualis
574 3082 880 3164 correspondentia
894 3093 959 3158 est,
974 3084 1080 3147 videri
1093 3093 1209 3165 potest
1223 3085 1256 3146 in
1269 3084 1407 3149 homine

286 3197 332 3241 ex
349 3175 433 3240 facie
450 3177 539 3257 ejus:
564 3177 597 3240 in
614 3177 710 3252 facie,
724 3198 810 3260 quae
827 3197 895 3241 non
915 3176 1017 3240 dodia
1032 3187 1085 3241 est
1101 3179 1270 3255 simulare,
1288 3199 1407 3243 omnes

286 3269 483 3336 alfediiones
499 3272 625 3334 mentis
644 3293 680 3334 se
700 3273 827 3336 sistunt
843 3272 1010 3336 videndas
1030 3272 1063 3335 in
1081 3273 1189 3336 forma
1205 3274 1351 3338 naturali
1370 3283 1407 3338 ut

285 3367 319 3430 in
342 3385 404 3428 suo
427 3373 533 3446 typo;
564 3367 644 3428 inde
663 3366 766 3430 facies
789 3366 912 3430 dicitur
930 3365 1035 3428 index
1055 3367 1167 3442 animi,
1188 3369 1237 3430 ita
1259 3369 1406 3432 mundus

285 3459 355 3542 ejus
375 3459 558 3541 spiritualis
580 3463 613 3524 in
633 3461 762 3524 mundo
781 3459 852 3544 ejus
872 3460 1037 3524 naturali:
1069 3461 1225 3524 similiter
1243 3461 1302 3525 illa
1320 3484 1405 3546 quae

286 3552 481 3618 intelledius
505 3563 595 3630 sunt,
619 3556 653 3618 in
684 3555 842 3638 loquela3
877 3563 914 3619 et
944 3555 1002 3618 illa
1031 3576 1117 3638 quae
1147 3556 1348 3632 voluntatis,
1372 3559 1406 3620 in

286 3649 440 3730 gestibus
454 3649 614 3729 corporis.
660 3649 725 3713 Illa
736 3652 851 3732 itaque
864 3671 950 3732 quae
966 3651 999 3713 in
1013 3671 1154 3732 corpore
1168 3649 1263 3725 fiunt,
1278 3653 1348 3715 sive
1361 3653 1406 3716 sit

288 3744 321 3807 in
344 3743 438 3817 facie,
459 3744 529 3806 sive
548 3744 582 3806 in
601 3743 748 3826 loquela,
768 3745 839 3808 sive
862 3745 897 3807 in
920 3745 1086 3826 gestibus,
1108 3755 1276 3808 vocantur
1294 3766 1406 3812 corre·

287 3837 523 3920 spondentiae.

348 3949 416 4015 92.
448 3933 504 3996 Ex
523 3933 575 3996 his
593 3953 727 4017 quoque
746 3933 851 3997 videri
870 3943 997 4016 potest,
1015 3935 1095 4017 quid
1115 3935 1270 3998 internus
1288 3934 1404 4010 homo,

285 4037 321 4090 et
350 4027 429 4109 quid
457 4037 644 4106 externus;
676 4029 767 4111 quod
787 4047 911 4109 nempe
930 4029 1084 4092 internus
1110 4031 1155 4092 sit
1184 4031 1240 4112 qui
1263 4039 1406 4094 vocatur

285 4121 470 4204 spiritualis
495 4121 610 4197 homo,
634 4133 670 4187 et
701 4133 867 4186 externus
896 4125 955 4206 qui·
982 4125 1165 4190 naturalis:
1199 4135 1273 4188 tum
1300 4126 1405 4188 etiam

285 4218 376 4298 quod
395 4237 480 4280 unus
496 4209 678 4280 distinctus
697 4219 741 4281 sit
760 4219 804 4282 ab
822 4219 943 4294 altero,
960 4219 1047 4282 sicut
1064 4219 1196 4282 caelum
1215 4240 1235 4283 a
1254 4220 1403 4284 mundo:

285 4319 323 4374 ut
345 4319 381 4374 et
404 4311 496 4394 quod
516 4313 630 4374 omnia
649 4333 735 4394 quae
755 4311 839 4376 fiunt
863 4321 899 4377 et
929 4315 1084 4376 existunt
1114 4313 1147 4377 in
1173 4325 1321 4378 externo
1345 4335 1404 4379 seu

285 4405 431 4468 naturali
447 4404 595 4480 homine,
613 4403 696 4470 fiant
712 4417 748 4470 et
767 4408 922 4470 existant
941 4407 985 4470 ab
1000 4408 1136 4471 interno
1152 4425 1211 4472 seu
1226 4409 1404 4490 spirituali.

348 4513 423 4580 93·
453 4499 550 4563 Haec
573 4498 766 4565 dictasunt
795 4501 838 4564 de
869 4503 1174 4582 correspondentia
1197 4503 1321 4567 interni
1346 4525 1404 4567 seu

285 4592 470 4674 spiritualis
488 4594 635 4658 hominis
654 4613 731 4658 cum
750 4605 899 4660 externo
916 4615 975 4660 seu
999 4597 1145 4661 naturali
1164 4596 1254 4680 ejus;
1285 4599 1345 4662 sed
1369 4599 1403 4662 in
