<?xml version="1.0" encoding="UTF-8"?>
<!DOCTYPE html PUBLIC "-//W3C//DTD XHTML 1.0 Transitional//EN"
    "http://www.w3.org/TR/xhtml1/DTD/xhtml1-transitional.dtd">
<html xmlns="http://www.w3.org/1999/xhtml" xml:lang="en" lang="en">
 <head>
  <title>
</title>
<meta http-equiv="Content-Type" content="text/html;charset=utf-8" />
  <meta name='ocr-system' content='tesseract 3.04.00' />
  <meta name='ocr-capabilities' content='ocr_page ocr_carea ocr_par ocr_line ocrx_word'/>
</head>
<body>
  <div class='ocr_page' id='page_1' title='image "./decaeloetejusmi00swedgoog_0350.png"; bbox 0 0 3350 5366; ppageno 0'>
   <div class='ocr_carea' id='block_1_1' title="bbox 317 668 1401 744">
    <p class='ocr_par' dir='ltr' id='par_1_1' title="bbox 317 668 1401 744">
     <span class='ocr_line' id='line_1_1' title="bbox 317 668 1401 744; baseline -0.002 -17"><span class='ocrx_word' id='word_1_1' title='bbox 317 675 409 728; x_wconf 74' lang='lat' dir='ltr'>vm</span> <span class='ocrx_word' id='word_1_2' title='bbox 425 673 527 739; x_wconf 80' lang='lat' dir='ltr'><strong>QUAE</strong></span> <span class='ocrx_word' id='word_1_3' title='bbox 544 673 660 726; x_wconf 83' lang='lat' dir='ltr'>DUCIT</span> <span class='ocrx_word' id='word_1_4' title='bbox 677 674 729 726; x_wconf 74' lang='lat' dir='ltr'>AD</span> <span class='ocrx_word' id='word_1_5' title='bbox 744 671 901 726; x_wconf 69' lang='lat' dir='ltr'>caulam</span> <span class='ocrx_word' id='word_1_6' title='bbox 916 668 997 724; x_wconf 69' lang='lat' dir='ltr'>Nol!</span> <span class='ocrx_word' id='word_1_7' title='bbox 1017 673 1082 726; x_wconf 83' lang='lat' dir='ltr'>DIF</span> <span class='ocrx_word' id='word_1_8' title='bbox 1084 673 1106 724; x_wconf 85' lang='lat' dir='ltr'><strong>F</strong></span> <span class='ocrx_word' id='word_1_9' title='bbox 1109 672 1294 726; x_wconf 78' lang='lat' dir='ltr'>lClLLIMA.</span> <span class='ocrx_word' id='word_1_10' title='bbox 1341 676 1401 744; x_wconf 74' lang='lat'>343</span> 
     </span>
    </p>
   </div>
   <div class='ocr_carea' id='block_1_2' title="bbox 274 841 1434 2359">
    <p class='ocr_par' dir='ltr' id='par_1_2' title="bbox 274 841 1434 2359">
     <span class='ocr_line' id='line_1_2' title="bbox 278 841 1400 928; baseline -0.002 -14"><span class='ocrx_word' id='word_1_11' title='bbox 278 847 369 914; x_wconf 75' lang='lat' dir='ltr'>sicut</span> <span class='ocrx_word' id='word_1_12' title='bbox 384 844 547 921; x_wconf 87' lang='lat' dir='ltr'>creditur,</span> <span class='ocrx_word' id='word_1_13' title='bbox 563 851 662 927; x_wconf 84' lang='lat' dir='ltr'>patet</span> <span class='ocrx_word' id='word_1_14' title='bbox 678 863 768 911; x_wconf 88' lang='lat' dir='ltr'>nunc</span> <span class='ocrx_word' id='word_1_15' title='bbox 786 864 832 910; x_wconf 85' lang='lat' dir='ltr'>ex</span> <span class='ocrx_word' id='word_1_16' title='bbox 851 865 904 920; x_wconf 87' lang='lat' dir='ltr'>eo,</span> <span class='ocrx_word' id='word_1_17' title='bbox 921 843 1014 927; x_wconf 87' lang='lat' dir='ltr'>quod</span> <span class='ocrx_word' id='word_1_18' title='bbox 1029 841 1141 910; x_wconf 91' lang='lat' dir='ltr'>solum</span> <span class='ocrx_word' id='word_1_19' title='bbox 1157 863 1243 928; x_wconf 88' lang='lat' dir='ltr'>opus</span> <span class='ocrx_word' id='word_1_20' title='bbox 1261 843 1400 922; x_wconf 81' lang='lat' dir='ltr'>habeat,</span> 
     </span>
     <span class='ocr_line' id='line_1_3' title="bbox 279 939 1400 1026; baseline -0.002 -18"><span class='ocrx_word' id='word_1_21' title='bbox 279 959 358 1008; x_wconf 85' lang='lat' dir='ltr'>cum</span> <span class='ocrx_word' id='word_1_22' title='bbox 370 940 497 1026; x_wconf 87' lang='lat' dir='ltr'>aliquid</span> <span class='ocrx_word' id='word_1_23' title='bbox 510 941 654 1006; x_wconf 81' lang='lat' dir='ltr'>obvenit</span> <span class='ocrx_word' id='word_1_24' title='bbox 670 939 761 1023; x_wconf 89' lang='lat' dir='ltr'>quod</span> <span class='ocrx_word' id='word_1_25' title='bbox 778 941 845 1004; x_wconf 79' lang='lat' dir='ltr'>scit</span> <span class='ocrx_word' id='word_1_26' title='bbox 860 941 1067 1006; x_wconf 81' lang='lat' dir='ltr'>insincerum</span> <span class='ocrx_word' id='word_1_27' title='bbox 1083 949 1120 1005; x_wconf 92' lang='lat' dir='ltr'>et</span> <span class='ocrx_word' id='word_1_28' title='bbox 1135 940 1298 1022; x_wconf 88' lang='lat' dir='ltr'>injustum</span> <span class='ocrx_word' id='word_1_29' title='bbox 1310 961 1400 1017; x_wconf 80' lang='lat' dir='ltr'>esse,</span> 
     </span>
     <span class='ocr_line' id='line_1_4' title="bbox 278 1033 1401 1120; baseline -0.001 -18"><span class='ocrx_word' id='word_1_30' title='bbox 278 1037 323 1102; x_wconf 85' lang='lat' dir='ltr'>ad</span> <span class='ocrx_word' id='word_1_31' title='bbox 339 1037 431 1120; x_wconf 84' lang='lat' dir='ltr'>quod</span> <span class='ocrx_word' id='word_1_32' title='bbox 446 1037 580 1102; x_wconf 84' lang='lat' dir='ltr'>animus</span> <span class='ocrx_word' id='word_1_33' title='bbox 594 1033 665 1116; x_wconf 86' lang='lat' dir='ltr'>ejus</span> <span class='ocrx_word' id='word_1_34' title='bbox 681 1035 798 1112; x_wconf 77' lang='lat' dir='ltr'>fertur,</span> <span class='ocrx_word' id='word_1_35' title='bbox 810 1045 848 1100; x_wconf 88' lang='lat' dir='ltr'>ut</span> <span class='ocrx_word' id='word_1_36' title='bbox 864 1036 998 1118; x_wconf 81' lang='lat' dir='ltr'>cogitet</span> <span class='ocrx_word' id='word_1_37' title='bbox 1014 1035 1106 1120; x_wconf 89' lang='lat' dir='ltr'>quod</span> <span class='ocrx_word' id='word_1_38' title='bbox 1123 1055 1193 1100; x_wconf 88' lang='lat' dir='ltr'>non</span> <span class='ocrx_word' id='word_1_39' title='bbox 1207 1035 1401 1101; x_wconf 83' lang='lat' dir='ltr'>iaciendum</span> 
     </span>
     <span class='ocr_line' id='line_1_5' title="bbox 278 1129 1403 1216; baseline -0.001 -18"><span class='ocrx_word' id='word_1_40' title='bbox 278 1134 323 1199; x_wconf 88' lang='lat' dir='ltr'>sit</span> <span class='ocrx_word' id='word_1_41' title='bbox 342 1133 422 1216; x_wconf 86' lang='lat' dir='ltr'>quia</span> <span class='ocrx_word' id='word_1_42' title='bbox 443 1141 497 1198; x_wconf 88' lang='lat' dir='ltr'>est</span> <span class='ocrx_word' id='word_1_43' title='bbox 520 1141 643 1196; x_wconf 84' lang='lat' dir='ltr'>contra</span> <span class='ocrx_word' id='word_1_44' title='bbox 661 1140 851 1214; x_wconf 85' lang='lat' dir='ltr'>praecepta</span> <span class='ocrx_word' id='word_1_45' title='bbox 869 1131 1006 1196; x_wconf 83' lang='lat' dir='ltr'>Divina.</span> <span class='ocrx_word' id='word_1_46' title='bbox 1048 1129 1085 1196; x_wconf 90' lang='lat' dir='ltr'>Si</span> <span class='ocrx_word' id='word_1_47' title='bbox 1107 1131 1212 1196; x_wconf 86' lang='lat' dir='ltr'>homo</span> <span class='ocrx_word' id='word_1_48' title='bbox 1231 1133 1403 1198; x_wconf 80' lang='lat' dir='ltr'>assuescit</span> 
     </span>
     <span class='ocr_line' id='line_1_6' title="bbox 277 1226 1399 1311; baseline -0.002 -17"><span class='ocrx_word' id='word_1_49' title='bbox 277 1229 328 1294; x_wconf 81' lang='lat' dir='ltr'>ita</span> <span class='ocrx_word' id='word_1_50' title='bbox 350 1228 515 1311; x_wconf 77' lang='lat' dir='ltr'>cogitare,</span> <span class='ocrx_word' id='word_1_51' title='bbox 541 1235 578 1292; x_wconf 88' lang='lat' dir='ltr'>et</span> <span class='ocrx_word' id='word_1_52' title='bbox 609 1248 655 1292; x_wconf 87' lang='lat' dir='ltr'>ex</span> <span class='ocrx_word' id='word_1_53' title='bbox 683 1227 909 1292; x_wconf 88' lang='lat' dir='ltr'>assuetudine.</span> <span class='ocrx_word' id='word_1_54' title='bbox 928 1227 1037 1294; x_wconf 87' lang='lat' dir='ltr'>trahit</span> <span class='ocrx_word' id='word_1_55' title='bbox 1059 1226 1210 1310; x_wconf 87' lang='lat' dir='ltr'>aliquem</span> <span class='ocrx_word' id='word_1_56' title='bbox 1231 1227 1399 1302; x_wconf 81' lang='lat' dir='ltr'>habitum,</span> 
     </span>
     <span class='ocr_line' id='line_1_7' title="bbox 277 1321 1399 1406; baseline -0.002 -18"><span class='ocrx_word' id='word_1_57' title='bbox 277 1332 360 1388; x_wconf 90' lang='lat' dir='ltr'>tunc</span> <span class='ocrx_word' id='word_1_58' title='bbox 384 1323 564 1405; x_wconf 79' lang='lat' dir='ltr'>paullatim</span> <span class='ocrx_word' id='word_1_59' title='bbox 582 1321 802 1405; x_wconf 83' lang='lat' dir='ltr'>conjungitur</span> <span class='ocrx_word' id='word_1_60' title='bbox 823 1322 942 1401; x_wconf 86' lang='lat' dir='ltr'>caelo;</span> <span class='ocrx_word' id='word_1_61' title='bbox 975 1331 1012 1388; x_wconf 89' lang='lat' dir='ltr'>et</span> <span class='ocrx_word' id='word_1_62' title='bbox 1035 1334 1202 1405; x_wconf 88' lang='lat' dir='ltr'>quantum</span> <span class='ocrx_word' id='word_1_63' title='bbox 1221 1321 1399 1406; x_wconf 84' lang='lat' dir='ltr'>conjungi-</span> 
     </span>
     <span class='ocr_line' id='line_1_8' title="bbox 277 1418 1400 1502; baseline -0.002 -18"><span class='ocrx_word' id='word_1_64' title='bbox 277 1427 334 1484; x_wconf 93' lang='lat' dir='ltr'>tur</span> <span class='ocrx_word' id='word_1_65' title='bbox 363 1418 474 1495; x_wconf 86' lang='lat' dir='ltr'>caelo,</span> <span class='ocrx_word' id='word_1_66' title='bbox 493 1427 629 1484; x_wconf 85' lang='lat' dir='ltr'>tantum</span> <span class='ocrx_word' id='word_1_67' title='bbox 648 1419 848 1501; x_wconf 88' lang='lat' dir='ltr'>aperiuntur</span> <span class='ocrx_word' id='word_1_68' title='bbox 864 1418 1040 1500; x_wconf 78' lang='lat' dir='ltr'>superiora</span> <span class='ocrx_word' id='word_1_69' title='bbox 1058 1437 1146 1502; x_wconf 90' lang='lat' dir='ltr'>quae</span> <span class='ocrx_word' id='word_1_70' title='bbox 1176 1421 1302 1482; x_wconf 84' lang='lat' dir='ltr'>mentis</span> <span class='ocrx_word' id='word_1_71' title='bbox 1328 1419 1400 1500; x_wconf 84' lang='lat' dir='ltr'>ejus</span> 
     </span>
     <span class='ocr_line' id='line_1_9' title="bbox 277 1513 1399 1596; baseline -0.001 -18"><span class='ocrx_word' id='word_1_72' title='bbox 277 1523 378 1593; x_wconf 84' lang='lat' dir='ltr'>sunt;</span> <span class='ocrx_word' id='word_1_73' title='bbox 402 1522 438 1580; x_wconf 83' lang='lat' dir='ltr'>et</span> <span class='ocrx_word' id='word_1_74' title='bbox 451 1523 620 1596; x_wconf 89' lang='lat' dir='ltr'>quantum</span> <span class='ocrx_word' id='word_1_75' title='bbox 635 1513 695 1578; x_wconf 86' lang='lat' dir='ltr'>illa</span> <span class='ocrx_word' id='word_1_76' title='bbox 710 1513 917 1596; x_wconf 83' lang='lat' dir='ltr'>aperiuntur,</span> <span class='ocrx_word' id='word_1_77' title='bbox 931 1523 1070 1578; x_wconf 85' lang='lat' dir='ltr'>tantum</span> <span class='ocrx_word' id='word_1_78' title='bbox 1086 1513 1182 1578; x_wconf 86' lang='lat' dir='ltr'>videt</span> <span class='ocrx_word' id='word_1_79' title='bbox 1198 1513 1278 1596; x_wconf 91' lang='lat' dir='ltr'>quid</span> <span class='ocrx_word' id='word_1_80' title='bbox 1294 1515 1399 1578; x_wconf 90' lang='lat' dir='ltr'>insin·</span> 
     </span>
     <span class='ocr_line' id='line_1_10' title="bbox 277 1608 1399 1691; baseline -0.002 -17"><span class='ocrx_word' id='word_1_81' title='bbox 277 1628 392 1674; x_wconf 80' lang='lat' dir='ltr'>cerrrm</span> <span class='ocrx_word' id='word_1_82' title='bbox 408 1619 444 1674; x_wconf 90' lang='lat' dir='ltr'>et</span> <span class='ocrx_word' id='word_1_83' title='bbox 463 1608 646 1691; x_wconf 67' lang='lat' dir='ltr'>injustum</span> <span class='ocrx_word' id='word_1_84' title='bbox 669 1618 705 1674; x_wconf 86' lang='lat' dir='ltr'>et</span> <span class='ocrx_word' id='word_1_85' title='bbox 725 1617 890 1690; x_wconf 90' lang='lat' dir='ltr'>quantum</span> <span class='ocrx_word' id='word_1_86' title='bbox 907 1608 992 1672; x_wconf 88' lang='lat' dir='ltr'>haec</span> <span class='ocrx_word' id='word_1_87' title='bbox 1008 1609 1105 1674; x_wconf 88' lang='lat' dir='ltr'>videt</span> <span class='ocrx_word' id='word_1_88' title='bbox 1120 1617 1257 1673; x_wconf 87' lang='lat' dir='ltr'>tantum</span> <span class='ocrx_word' id='word_1_89' title='bbox 1274 1609 1399 1674; x_wconf 86' lang='lat' dir='ltr'>discuti</span> 
     </span>
     <span class='ocr_line' id='line_1_11' title="bbox 277 1703 1400 1788; baseline 0.002 -21"><span class='ocrx_word' id='word_1_90' title='bbox 277 1713 448 1788; x_wconf 82' lang='lat' dir='ltr'>possunt;</span> <span class='ocrx_word' id='word_1_91' title='bbox 482 1723 563 1768; x_wconf 90' lang='lat' dir='ltr'>nam</span> <span class='ocrx_word' id='word_1_92' title='bbox 586 1703 715 1768; x_wconf 85' lang='lat' dir='ltr'>malum</span> <span class='ocrx_word' id='word_1_93' title='bbox 738 1703 878 1786; x_wconf 86' lang='lat' dir='ltr'>aliquod</span> <span class='ocrx_word' id='word_1_94' title='bbox 908 1722 978 1768; x_wconf 91' lang='lat' dir='ltr'>non</span> <span class='ocrx_word' id='word_1_95' title='bbox 1001 1713 1120 1786; x_wconf 86' lang='lat' dir='ltr'>potest</span> <span class='ocrx_word' id='word_1_96' title='bbox 1147 1705 1272 1768; x_wconf 88' lang='lat' dir='ltr'>discuti</span> <span class='ocrx_word' id='word_1_97' title='bbox 1297 1724 1400 1787; x_wconf 90' lang='lat' dir='ltr'>quam</span> 
     </span>
     <span class='ocr_line' id='line_1_12' title="bbox 275 1797 1434 1883; baseline 0.001 -19"><span class='ocrx_word' id='word_1_98' title='bbox 275 1809 462 1883; x_wconf 86' lang='lat' dir='ltr'>postquam</span> <span class='ocrx_word' id='word_1_99' title='bbox 473 1799 618 1865; x_wconf 84' lang='lat' dir='ltr'>videtur.</span> <span class='ocrx_word' id='word_1_100' title='bbox 665 1797 731 1862; x_wconf 89' lang='lat' dir='ltr'>Hic</span> <span class='ocrx_word' id='word_1_101' title='bbox 744 1807 859 1862; x_wconf 88' lang='lat' dir='ltr'>status</span> <span class='ocrx_word' id='word_1_102' title='bbox 875 1809 931 1864; x_wconf 90' lang='lat' dir='ltr'>est</span> <span class='ocrx_word' id='word_1_103' title='bbox 946 1800 980 1864; x_wconf 93' lang='lat' dir='ltr'>in</span> <span class='ocrx_word' id='word_1_104' title='bbox 993 1819 1095 1882; x_wconf 85' lang='lat' dir='ltr'>quern</span> <span class='ocrx_word' id='word_1_105' title='bbox 1107 1799 1213 1864; x_wconf 86' lang='lat' dir='ltr'>homo</span> <span class='ocrx_word' id='word_1_106' title='bbox 1229 1821 1274 1864; x_wconf 83' lang='lat' dir='ltr'>ex</span> <span class='ocrx_word' id='word_1_107' title='bbox 1291 1800 1399 1865; x_wconf 91' lang='lat' dir='ltr'>libero</span> <span class='ocrx_word' id='word_1_108' title='bbox 1432 1821 1434 1824; x_wconf 87' lang='lat'>·</span> 
     </span>
     <span class='ocr_line' id='line_1_13' title="bbox 274 1894 1397 1978; baseline 0.002 -20"><span class='ocrx_word' id='word_1_109' title='bbox 274 1895 403 1960; x_wconf 85' lang='lat' dir='ltr'>intrare</span> <span class='ocrx_word' id='word_1_110' title='bbox 422 1903 561 1978; x_wconf 79' lang='lat' dir='ltr'>potest3</span> <span class='ocrx_word' id='word_1_111' title='bbox 588 1911 668 1958; x_wconf 91' lang='lat' dir='ltr'>nam</span> <span class='ocrx_word' id='word_1_112' title='bbox 686 1895 761 1978; x_wconf 87' lang='lat' dir='ltr'>quis</span> <span class='ocrx_word' id='word_1_113' title='bbox 784 1913 854 1958; x_wconf 88' lang='lat' dir='ltr'>non</span> <span class='ocrx_word' id='word_1_114' title='bbox 876 1915 923 1960; x_wconf 86' lang='lat' dir='ltr'>cx</span> <span class='ocrx_word' id='word_1_115' title='bbox 947 1894 1055 1959; x_wconf 86' lang='lat' dir='ltr'>libero</span> <span class='ocrx_word' id='word_1_116' title='bbox 1077 1895 1127 1958; x_wconf 88' lang='lat' dir='ltr'>ita</span> <span class='ocrx_word' id='word_1_117' title='bbox 1144 1897 1299 1977; x_wconf 86' lang='lat' dir='ltr'>cogitare</span> <span class='ocrx_word' id='word_1_118' title='bbox 1319 1905 1397 1978; x_wconf 91' lang='lat' dir='ltr'>pot·</span> 
     </span>
     <span class='ocr_line' id='line_1_14' title="bbox 276 1989 1399 2072; baseline 0 -18"><span class='ocrx_word' id='word_1_119' title='bbox 276 1989 355 2056; x_wconf 86' lang='lat' dir='ltr'>est?</span> <span class='ocrx_word' id='word_1_120' title='bbox 400 1989 452 2054; x_wconf 92' lang='lat' dir='ltr'>At</span> <span class='ocrx_word' id='word_1_121' title='bbox 471 2008 548 2054; x_wconf 89' lang='lat' dir='ltr'>cum</span> <span class='ocrx_word' id='word_1_122' title='bbox 563 1989 719 2054; x_wconf 89' lang='lat' dir='ltr'>initiatus</span> <span class='ocrx_word' id='word_1_123' title='bbox 735 1998 801 2066; x_wconf 89' lang='lat' dir='ltr'>est,</span> <span class='ocrx_word' id='word_1_124' title='bbox 818 1999 901 2054; x_wconf 90' lang='lat' dir='ltr'>tunc</span> <span class='ocrx_word' id='word_1_125' title='bbox 921 1989 1089 2054; x_wconf 83' lang='lat' dir='ltr'>Dominus</span> <span class='ocrx_word' id='word_1_126' title='bbox 1106 1999 1267 2072; x_wconf 87' lang='lat' dir='ltr'>operatur</span> <span class='ocrx_word' id='word_1_127' title='bbox 1283 1992 1399 2054; x_wconf 90' lang='lat' dir='ltr'>omnia</span> 
     </span>
     <span class='ocr_line' id='line_1_15' title="bbox 275 2084 1397 2168; baseline 0 -18"><span class='ocrx_word' id='word_1_128' title='bbox 275 2086 368 2150; x_wconf 88' lang='lat' dir='ltr'>bona</span> <span class='ocrx_word' id='word_1_129' title='bbox 388 2086 480 2168; x_wconf 89' lang='lat' dir='ltr'>apud</span> <span class='ocrx_word' id='word_1_130' title='bbox 503 2084 610 2160; x_wconf 89' lang='lat' dir='ltr'>illum,</span> <span class='ocrx_word' id='word_1_131' title='bbox 631 2093 667 2150; x_wconf 89' lang='lat' dir='ltr'>et</span> <span class='ocrx_word' id='word_1_132' title='bbox 688 2086 770 2149; x_wconf 82' lang='lat' dir='ltr'>iacit</span> <span class='ocrx_word' id='word_1_133' title='bbox 794 2095 833 2150; x_wconf 93' lang='lat' dir='ltr'>ut</span> <span class='ocrx_word' id='word_1_134' title='bbox 856 2105 926 2150; x_wconf 93' lang='lat' dir='ltr'>non</span> <span class='ocrx_word' id='word_1_135' title='bbox 949 2086 1054 2152; x_wconf 89' lang='lat' dir='ltr'>modo</span> <span class='ocrx_word' id='word_1_136' title='bbox 1072 2087 1190 2150; x_wconf 89' lang='lat' dir='ltr'>videat</span> <span class='ocrx_word' id='word_1_137' title='bbox 1213 2085 1316 2164; x_wconf 87' lang='lat' dir='ltr'>mala,</span> <span class='ocrx_word' id='word_1_138' title='bbox 1336 2087 1397 2150; x_wconf 87' lang='lat' dir='ltr'>sed</span> 
     </span>
     <span class='ocr_line' id='line_1_16' title="bbox 275 2180 1397 2264; baseline 0.002 -18"><span class='ocrx_word' id='word_1_139' title='bbox 275 2182 381 2246; x_wconf 87' lang='lat' dir='ltr'>etiam</span> <span class='ocrx_word' id='word_1_140' title='bbox 400 2190 438 2245; x_wconf 92' lang='lat' dir='ltr'>ut</span> <span class='ocrx_word' id='word_1_141' title='bbox 457 2181 543 2244; x_wconf 92' lang='lat' dir='ltr'>nolit</span> <span class='ocrx_word' id='word_1_142' title='bbox 562 2180 633 2256; x_wconf 84' lang='lat' dir='ltr'>illa,</span> <span class='ocrx_word' id='word_1_143' title='bbox 653 2191 689 2245; x_wconf 91' lang='lat' dir='ltr'>et</span> <span class='ocrx_word' id='word_1_144' title='bbox 708 2182 856 2264; x_wconf 86' lang='lat' dir='ltr'>denique</span> <span class='ocrx_word' id='word_1_145' title='bbox 875 2191 913 2246; x_wconf 91' lang='lat' dir='ltr'>ut</span> <span class='ocrx_word' id='word_1_146' title='bbox 931 2192 1109 2246; x_wconf 87' lang='lat' dir='ltr'>aversetur</span> <span class='ocrx_word' id='word_1_147' title='bbox 1128 2183 1197 2246; x_wconf 89' lang='lat' dir='ltr'>illa.</span> <span class='ocrx_word' id='word_1_148' title='bbox 1243 2181 1321 2248; x_wconf 88' lang='lat' dir='ltr'>Hoc</span> <span class='ocrx_word' id='word_1_149' title='bbox 1345 2184 1397 2247; x_wconf 92' lang='lat' dir='ltr'>in·</span> 
     </span>
     <span class='ocr_line' id='line_1_17' title="bbox 275 2275 814 2359; baseline -0.004 -17"><span class='ocrx_word' id='word_1_150' title='bbox 275 2275 445 2359; x_wconf 82' lang='lat' dir='ltr'>telligitur</span> <span class='ocrx_word' id='word_1_151' title='bbox 463 2295 524 2358; x_wconf 91' lang='lat' dir='ltr'>per</span> <span class='ocrx_word' id='word_1_152' title='bbox 539 2275 679 2342; x_wconf 80' lang='lat' dir='ltr'>Domitii</span> <span class='ocrx_word' id='word_1_153' title='bbox 697 2276 814 2352; x_wconf 85' lang='lat' dir='ltr'>verba,</span> 
     </span>
    </p>
   </div>
   <div class='ocr_carea' id='block_1_3' title="bbox 358 2419 1315 2488">
    <p class='ocr_par' dir='ltr' id='par_1_3' title="bbox 358 2419 1315 2488">
     <span class='ocr_line' id='line_1_18' title="bbox 358 2419 1315 2488; baseline 0.004 -18"><span class='ocrx_word' id='word_1_154' title='bbox 358 2419 491 2485; x_wconf 74' lang='lat' dir='ltr'>“jugum</span> <span class='ocrx_word' id='word_1_155' title='bbox 502 2433 605 2471; x_wconf 76' lang='lat' dir='ltr'>,meum</span> <span class='ocrx_word' id='word_1_156' title='bbox 616 2419 696 2471; x_wconf 75' lang='lat' dir='ltr'>facile</span> <span class='ocrx_word' id='word_1_157' title='bbox 708 2429 758 2481; x_wconf 85' lang='lat' dir='ltr'>est,</span> <span class='ocrx_word' id='word_1_158' title='bbox 773 2428 801 2472; x_wconf 85' lang='lat' dir='ltr'>et</span> <span class='ocrx_word' id='word_1_159' title='bbox 814 2435 886 2472; x_wconf 85' lang='lat' dir='ltr'>onus</span> <span class='ocrx_word' id='word_1_160' title='bbox 898 2435 990 2472; x_wconf 86' lang='lat' dir='ltr'>meum</span> <span class='ocrx_word' id='word_1_161' title='bbox 1002 2419 1086 2474; x_wconf 81' lang='lat' dir='ltr'>lere”</span> <span class='ocrx_word' id='word_1_162' title='bbox 1095 2421 1203 2484; x_wconf 68' lang='lat' dir='ltr'>(Matri.</span> <span class='ocrx_word' id='word_1_163' title='bbox 1216 2423 1252 2476; x_wconf 83' lang='lat' dir='ltr'>xi.</span> <span class='ocrx_word' id='word_1_164' title='bbox 1265 2422 1315 2488; x_wconf 79' lang='lat'><strong>³0)·</strong></span> 
     </span>
    </p>
   </div>
   <div class='ocr_carea' id='block_1_4' title="bbox 274 2550 1397 2640">
    <p class='ocr_par' dir='ltr' id='par_1_4' title="bbox 274 2528 1397 2640">
     <span class='ocr_line' id='line_1_19' title="bbox 274 2550 1397 2640; baseline 0.004 -22"><span class='ocrx_word' id='word_1_165' title='bbox 274 2550 344 2618; x_wconf 90' lang='lat' dir='ltr'>Scd</span> <span class='ocrx_word' id='word_1_166' title='bbox 362 2552 542 2619; x_wconf 86' lang='lat' dir='ltr'>sciendum</span> <span class='ocrx_word' id='word_1_167' title='bbox 560 2561 626 2629; x_wconf 86' lang='lat' dir='ltr'>est,</span> <span class='ocrx_word' id='word_1_168' title='bbox 646 2555 739 2637; x_wconf 91' lang='lat' dir='ltr'>quod</span> <span class='ocrx_word' id='word_1_169' title='bbox 763 2553 950 2628; x_wconf 84' lang='lat' dir='ltr'>difficultas</span> <span class='ocrx_word' id='word_1_170' title='bbox 973 2555 1023 2620; x_wconf 85' lang='lat' dir='ltr'>ita</span> <span class='ocrx_word' id='word_1_171' title='bbox 1042 2555 1231 2638; x_wconf 83' lang='lat' dir='ltr'>cogitandi,</span> <span class='ocrx_word' id='word_1_172' title='bbox 1252 2566 1289 2621; x_wconf 90' lang='lat' dir='ltr'>et</span> <span class='ocrx_word' id='word_1_173' title='bbox 1311 2577 1397 2640; x_wconf 90' lang='lat' dir='ltr'>quo·</span> 
     </span>
    </p>
   </div>
   <div class='ocr_carea' id='block_1_5' title="bbox 271 2647 1398 4739">
    <p class='ocr_par' dir='ltr' id='par_1_5' title="bbox 273 2647 1398 3302">
     <span class='ocr_line' id='line_1_20' title="bbox 274 2647 1397 2732; baseline 0.003 -17"><span class='ocrx_word' id='word_1_174' title='bbox 274 2667 339 2731; x_wconf 84' lang='lat' dir='ltr'>que</span> <span class='ocrx_word' id='word_1_175' title='bbox 354 2648 539 2712; x_wconf 85' lang='lat' dir='ltr'>resistendi</span> <span class='ocrx_word' id='word_1_176' title='bbox 555 2647 666 2724; x_wconf 85' lang='lat' dir='ltr'>malis,</span> <span class='ocrx_word' id='word_1_177' title='bbox 683 2657 830 2725; x_wconf 88' lang='lat' dir='ltr'>crescat,</span> <span class='ocrx_word' id='word_1_178' title='bbox 847 2658 1016 2732; x_wconf 88' lang='lat' dir='ltr'>quantum</span> <span class='ocrx_word' id='word_1_179' title='bbox 1032 2649 1136 2716; x_wconf 91' lang='lat' dir='ltr'>homo</span> <span class='ocrx_word' id='word_1_180' title='bbox 1152 2671 1198 2715; x_wconf 85' lang='lat' dir='ltr'>ex</span> <span class='ocrx_word' id='word_1_181' title='bbox 1214 2651 1397 2718; x_wconf 86' lang='lat' dir='ltr'>voluntate</span> 
     </span>
     <span class='ocr_line' id='line_1_21' title="bbox 273 2733 1396 2830; baseline 0.004 -22"><span class='ocrx_word' id='word_1_182' title='bbox 273 2733 357 2808; x_wconf 80' lang='lat' dir='ltr'>iacit</span> <span class='ocrx_word' id='word_1_183' title='bbox 378 2741 492 2822; x_wconf 85' lang='lat' dir='ltr'>mala;</span> <span class='ocrx_word' id='word_1_184' title='bbox 516 2751 653 2808; x_wconf 89' lang='lat' dir='ltr'>tantum</span> <span class='ocrx_word' id='word_1_185' title='bbox 673 2743 765 2810; x_wconf 86' lang='lat' dir='ltr'>euim</span> <span class='ocrx_word' id='word_1_186' title='bbox 788 2744 817 2808; x_wconf 90' lang='lat' dir='ltr'>is</span> <span class='ocrx_word' id='word_1_187' title='bbox 839 2745 1009 2813; x_wconf 79' lang='lat' dir='ltr'>assuescit</span> <span class='ocrx_word' id='word_1_188' title='bbox 1028 2745 1106 2822; x_wconf 88' lang='lat' dir='ltr'>illis,</span> <span class='ocrx_word' id='word_1_189' title='bbox 1127 2766 1233 2830; x_wconf 90' lang='lat' dir='ltr'>usque</span> <span class='ocrx_word' id='word_1_190' title='bbox 1256 2756 1294 2812; x_wconf 93' lang='lat' dir='ltr'>ut</span> <span class='ocrx_word' id='word_1_191' title='bbox 1317 2757 1396 2812; x_wconf 89' lang='lat' dir='ltr'>tan·</span> 
     </span>
     <span class='ocr_line' id='line_1_22' title="bbox 275 2837 1396 2924; baseline 0.005 -22"><span class='ocrx_word' id='word_1_192' title='bbox 275 2838 354 2904; x_wconf 92' lang='lat' dir='ltr'>dem</span> <span class='ocrx_word' id='word_1_193' title='bbox 378 2857 448 2902; x_wconf 92' lang='lat' dir='ltr'>non</span> <span class='ocrx_word' id='word_1_194' title='bbox 467 2837 585 2902; x_wconf 88' lang='lat' dir='ltr'>videat</span> <span class='ocrx_word' id='word_1_195' title='bbox 608 2837 680 2914; x_wconf 86' lang='lat' dir='ltr'>illa,</span> <span class='ocrx_word' id='word_1_196' title='bbox 699 2848 736 2904; x_wconf 90' lang='lat' dir='ltr'>et</span> <span class='ocrx_word' id='word_1_197' title='bbox 755 2839 836 2904; x_wconf 90' lang='lat' dir='ltr'>dein</span> <span class='ocrx_word' id='word_1_198' title='bbox 859 2849 896 2904; x_wconf 92' lang='lat' dir='ltr'>ut</span> <span class='ocrx_word' id='word_1_199' title='bbox 917 2849 1011 2904; x_wconf 90' lang='lat' dir='ltr'>amet</span> <span class='ocrx_word' id='word_1_200' title='bbox 1030 2840 1100 2917; x_wconf 87' lang='lat' dir='ltr'>illa,</span> <span class='ocrx_word' id='word_1_201' title='bbox 1121 2851 1156 2905; x_wconf 91' lang='lat' dir='ltr'>et</span> <span class='ocrx_word' id='word_1_202' title='bbox 1180 2863 1226 2908; x_wconf 82' lang='lat' dir='ltr'>ex</span> <span class='ocrx_word' id='word_1_203' title='bbox 1245 2841 1396 2924; x_wconf 87' lang='lat' dir='ltr'>jucundo</span> 
     </span>
     <span class='ocr_line' id='line_1_23' title="bbox 276 2933 1397 3017; baseline 0.006 -21"><span class='ocrx_word' id='word_1_204' title='bbox 276 2934 403 2998; x_wconf 87' lang='lat' dir='ltr'>amoris</span> <span class='ocrx_word' id='word_1_205' title='bbox 420 2943 568 2998; x_wconf 88' lang='lat' dir='ltr'>excuset</span> <span class='ocrx_word' id='word_1_206' title='bbox 588 2933 660 3010; x_wconf 90' lang='lat' dir='ltr'>illa,</span> <span class='ocrx_word' id='word_1_207' title='bbox 680 2944 717 3000; x_wconf 89' lang='lat' dir='ltr'>et</span> <span class='ocrx_word' id='word_1_208' title='bbox 740 2953 801 3017; x_wconf 88' lang='lat' dir='ltr'>per</span> <span class='ocrx_word' id='word_1_209' title='bbox 819 2936 931 3000; x_wconf 89' lang='lat' dir='ltr'>omnis</span> <span class='ocrx_word' id='word_1_210' title='bbox 949 2937 1086 3017; x_wconf 83' lang='lat' dir='ltr'>generis</span> <span class='ocrx_word' id='word_1_211' title='bbox 1104 2935 1258 3002; x_wconf 81' lang='lat' dir='ltr'>fallacias</span> <span class='ocrx_word' id='word_1_212' title='bbox 1274 2937 1397 3003; x_wconf 89' lang='lat' dir='ltr'>confir-</span> 
     </span>
     <span class='ocr_line' id='line_1_24' title="bbox 274 3027 1398 3118; baseline 0.005 -24"><span class='ocrx_word' id='word_1_213' title='bbox 274 3037 360 3104; x_wconf 87' lang='lat' dir='ltr'>met,</span> <span class='ocrx_word' id='word_1_214' title='bbox 379 3037 417 3094; x_wconf 91' lang='lat' dir='ltr'>et</span> <span class='ocrx_word' id='word_1_215' title='bbox 439 3027 534 3094; x_wconf 90' lang='lat' dir='ltr'>dicat</span> <span class='ocrx_word' id='word_1_216' title='bbox 553 3029 650 3094; x_wconf 89' lang='lat' dir='ltr'>licita</span> <span class='ocrx_word' id='word_1_217' title='bbox 669 3040 705 3094; x_wconf 92' lang='lat' dir='ltr'>et</span> <span class='ocrx_word' id='word_1_218' title='bbox 728 3031 829 3096; x_wconf 89' lang='lat' dir='ltr'>bona.</span> <span class='ocrx_word' id='word_1_219' title='bbox 875 3029 943 3096; x_wconf 89' lang='lat' dir='ltr'>Sed</span> <span class='ocrx_word' id='word_1_220' title='bbox 966 3030 1032 3096; x_wconf 91' lang='lat' dir='ltr'>hoc</span> <span class='ocrx_word' id='word_1_221' title='bbox 1055 3029 1094 3096; x_wconf 85' lang='lat' dir='ltr'>fit</span> <span class='ocrx_word' id='word_1_222' title='bbox 1117 3032 1207 3114; x_wconf 88' lang='lat' dir='ltr'>apud</span> <span class='ocrx_word' id='word_1_223' title='bbox 1230 3032 1320 3108; x_wconf 84' lang='lat' dir='ltr'>illos,</span> <span class='ocrx_word' id='word_1_224' title='bbox 1341 3035 1398 3118; x_wconf 92' lang='lat' dir='ltr'>qui</span> 
     </span>
     <span class='ocr_line' id='line_1_25' title="bbox 273 3121 1396 3210; baseline 0.006 -23"><span class='ocrx_word' id='word_1_225' title='bbox 273 3123 309 3190; x_wconf 89' lang='lat' dir='ltr'>in</span> <span class='ocrx_word' id='word_1_226' title='bbox 327 3121 551 3188; x_wconf 89' lang='lat' dir='ltr'>adolescente</span> <span class='ocrx_word' id='word_1_227' title='bbox 567 3133 685 3188; x_wconf 89' lang='lat' dir='ltr'>aetate</span> <span class='ocrx_word' id='word_1_228' title='bbox 701 3135 804 3190; x_wconf 90' lang='lat' dir='ltr'>ruunt</span> <span class='ocrx_word' id='word_1_229' title='bbox 822 3125 856 3190; x_wconf 91' lang='lat' dir='ltr'>in</span> <span class='ocrx_word' id='word_1_230' title='bbox 876 3125 969 3190; x_wconf 89' lang='lat' dir='ltr'>mala</span> <span class='ocrx_word' id='word_1_231' title='bbox 986 3127 1075 3190; x_wconf 86' lang='lat' dir='ltr'>sicut</span> <span class='ocrx_word' id='word_1_232' title='bbox 1090 3127 1219 3210; x_wconf 85' lang='lat' dir='ltr'>absque</span> <span class='ocrx_word' id='word_1_233' title='bbox 1235 3127 1342 3204; x_wconf 83' lang='lat' dir='ltr'>freno,</span> <span class='ocrx_word' id='word_1_234' title='bbox 1359 3139 1396 3194; x_wconf 88' lang='lat' dir='ltr'>et</span> 
     </span>
     <span class='ocr_line' id='line_1_26' title="bbox 274 3217 986 3302; baseline 0.004 -20"><span class='ocrx_word' id='word_1_235' title='bbox 274 3217 374 3284; x_wconf 87' lang='lat' dir='ltr'>simul</span> <span class='ocrx_word' id='word_1_236' title='bbox 393 3227 475 3284; x_wconf 88' lang='lat' dir='ltr'>tunc</span> <span class='ocrx_word' id='word_1_237' title='bbox 495 3239 540 3282; x_wconf 84' lang='lat' dir='ltr'>ex</span> <span class='ocrx_word' id='word_1_238' title='bbox 554 3219 658 3282; x_wconf 87' lang='lat' dir='ltr'>corde</span> <span class='ocrx_word' id='word_1_239' title='bbox 678 3219 802 3284; x_wconf 91' lang='lat' dir='ltr'>Divina</span> <span class='ocrx_word' id='word_1_240' title='bbox 820 3220 986 3302; x_wconf 85' lang='lat' dir='ltr'>rejiciunt.</span> 
     </span>
    </p>

    <p class='ocr_par' dir='ltr' id='par_1_6' title="bbox 271 3313 1396 4739">
     <span class='ocr_line' id='line_1_27' title="bbox 336 3313 1396 3400; baseline 0.008 -23"><span class='ocrx_word' id='word_1_241' title='bbox 336 3327 438 3396; x_wconf 61' lang='lat'>534.</span> <span class='ocrx_word' id='word_1_242' title='bbox 467 3313 743 3396; x_wconf 86' lang='lat' dir='ltr'>Repraesentata</span> <span class='ocrx_word' id='word_1_243' title='bbox 760 3316 841 3380; x_wconf 91' lang='lat' dir='ltr'>mihi</span> <span class='ocrx_word' id='word_1_244' title='bbox 858 3315 1033 3397; x_wconf 88' lang='lat' dir='ltr'>quondam</span> <span class='ocrx_word' id='word_1_245' title='bbox 1049 3326 1104 3382; x_wconf 90' lang='lat' dir='ltr'>est</span> <span class='ocrx_word' id='word_1_246' title='bbox 1123 3317 1178 3380; x_wconf 92' lang='lat' dir='ltr'>via</span> <span class='ocrx_word' id='word_1_247' title='bbox 1195 3338 1284 3400; x_wconf 86' lang='lat' dir='ltr'>quae</span> <span class='ocrx_word' id='word_1_248' title='bbox 1300 3318 1396 3386; x_wconf 87' lang='lat' dir='ltr'>ducit</span> 
     </span>
     <span class='ocr_line' id='line_1_28' title="bbox 272 3407 1395 3492; baseline 0.006 -19"><span class='ocrx_word' id='word_1_249' title='bbox 272 3408 317 3473; x_wconf 92' lang='lat' dir='ltr'>ad</span> <span class='ocrx_word' id='word_1_250' title='bbox 333 3407 479 3482; x_wconf 88' lang='lat' dir='ltr'>caelum,</span> <span class='ocrx_word' id='word_1_251' title='bbox 496 3418 532 3473; x_wconf 91' lang='lat' dir='ltr'>et</span> <span class='ocrx_word' id='word_1_252' title='bbox 551 3429 638 3492; x_wconf 91' lang='lat' dir='ltr'>quae</span> <span class='ocrx_word' id='word_1_253' title='bbox 654 3411 749 3476; x_wconf 88' lang='lat' dir='ltr'>ducit</span> <span class='ocrx_word' id='word_1_254' title='bbox 767 3411 811 3474; x_wconf 89' lang='lat' dir='ltr'>ad</span> <span class='ocrx_word' id='word_1_255' title='bbox 829 3411 1008 3476; x_wconf 77' lang='lat' dir='ltr'>infernum.</span> <span class='ocrx_word' id='word_1_256' title='bbox 1053 3411 1139 3478; x_wconf 86' lang='lat' dir='ltr'>Erat</span> <span class='ocrx_word' id='word_1_257' title='bbox 1155 3414 1210 3478; x_wconf 90' lang='lat' dir='ltr'>via</span> <span class='ocrx_word' id='word_1_258' title='bbox 1228 3412 1301 3478; x_wconf 87' lang='lat' dir='ltr'>lata</span> <span class='ocrx_word' id='word_1_259' title='bbox 1317 3424 1395 3480; x_wconf 87' lang='lat' dir='ltr'>ten·</span> 
     </span>
     <span class='ocr_line' id='line_1_29' title="bbox 274 3504 1395 3592; baseline 0.008 -26"><span class='ocrx_word' id='word_1_260' title='bbox 274 3505 360 3568; x_wconf 86' lang='lat' dir='ltr'>dens</span> <span class='ocrx_word' id='word_1_261' title='bbox 379 3504 614 3567; x_wconf 89' lang='lat' dir='ltr'>sinistrorsum</span> <span class='ocrx_word' id='word_1_262' title='bbox 638 3525 697 3568; x_wconf 89' lang='lat' dir='ltr'>seu</span> <span class='ocrx_word' id='word_1_263' title='bbox 721 3525 839 3568; x_wconf 87' lang='lat' dir='ltr'>versus</span> <span class='ocrx_word' id='word_1_264' title='bbox 862 3508 1156 3589; x_wconf 66' lang='lat' dir='ltr'>septentrionem</span> <span class='ocrx_word' id='word_1_265' title='bbox 1180 3510 1395 3592; x_wconf 84' lang='lat' dir='ltr'>apparebant</span> 
     </span>
     <span class='ocr_line' id='line_1_30' title="bbox 271 3599 1394 3684; baseline 0.007 -20"><span class='ocrx_word' id='word_1_266' title='bbox 271 3599 370 3666; x_wconf 89' lang='lat' dir='ltr'>multi</span> <span class='ocrx_word' id='word_1_267' title='bbox 387 3601 526 3684; x_wconf 87' lang='lat' dir='ltr'>spiritus</span> <span class='ocrx_word' id='word_1_268' title='bbox 542 3601 598 3684; x_wconf 90' lang='lat' dir='ltr'>qui</span> <span class='ocrx_word' id='word_1_269' title='bbox 614 3599 710 3666; x_wconf 89' lang='lat' dir='ltr'>illam</span> <span class='ocrx_word' id='word_1_270' title='bbox 726 3601 843 3668; x_wconf 90' lang='lat' dir='ltr'>ibant:</span> <span class='ocrx_word' id='word_1_271' title='bbox 867 3604 928 3667; x_wconf 90' lang='lat' dir='ltr'>sed</span> <span class='ocrx_word' id='word_1_272' title='bbox 948 3603 991 3668; x_wconf 92' lang='lat' dir='ltr'>ad</span> <span class='ocrx_word' id='word_1_273' title='bbox 1011 3605 1215 3668; x_wconf 86' lang='lat' dir='ltr'>distantiam</span> <span class='ocrx_word' id='word_1_274' title='bbox 1231 3607 1323 3670; x_wconf 85' lang='lat' dir='ltr'>visus</span> <span class='ocrx_word' id='word_1_275' title='bbox 1340 3620 1394 3673; x_wconf 90' lang='lat' dir='ltr'>est</span> 
     </span>
     <span class='ocr_line' id='line_1_31' title="bbox 272 3693 1396 3776; baseline 0.007 -18"><span class='ocrx_word' id='word_1_276' title='bbox 272 3693 359 3776; x_wconf 89' lang='lat' dir='ltr'>lapis</span> <span class='ocrx_word' id='word_1_277' title='bbox 381 3695 466 3759; x_wconf 85' lang='lat' dir='ltr'>satis</span> <span class='ocrx_word' id='word_1_278' title='bbox 489 3714 647 3776; x_wconf 85' lang='lat' dir='ltr'>magnus,</span> <span class='ocrx_word' id='word_1_279' title='bbox 667 3697 725 3760; x_wconf 93' lang='lat' dir='ltr'>ubi</span> <span class='ocrx_word' id='word_1_280' title='bbox 756 3697 812 3760; x_wconf 90' lang='lat' dir='ltr'>via</span> <span class='ocrx_word' id='word_1_281' title='bbox 842 3697 915 3762; x_wconf 88' lang='lat' dir='ltr'>lata</span> <span class='ocrx_word' id='word_1_282' title='bbox 944 3699 1202 3764; x_wconf 89' lang='lat' dir='ltr'>terminabatur.</span> <span class='ocrx_word' id='word_1_283' title='bbox 1248 3699 1304 3764; x_wconf 88' lang='lat' dir='ltr'>Ex</span> <span class='ocrx_word' id='word_1_284' title='bbox 1335 3702 1396 3766; x_wconf 92' lang='lat' dir='ltr'>illo</span> 
     </span>
     <span class='ocr_line' id='line_1_32' title="bbox 272 3789 1396 3872; baseline 0.008 -20"><span class='ocrx_word' id='word_1_285' title='bbox 272 3789 390 3872; x_wconf 85' lang='lat' dir='ltr'>lapide</span> <span class='ocrx_word' id='word_1_286' title='bbox 409 3789 488 3853; x_wconf 90' lang='lat' dir='ltr'>dein</span> <span class='ocrx_word' id='word_1_287' title='bbox 508 3791 609 3854; x_wconf 89' lang='lat' dir='ltr'>binae</span> <span class='ocrx_word' id='word_1_288' title='bbox 628 3791 704 3855; x_wconf 88' lang='lat' dir='ltr'>viae</span> <span class='ocrx_word' id='word_1_289' title='bbox 723 3792 878 3868; x_wconf 87' lang='lat' dir='ltr'>abibant,</span> <span class='ocrx_word' id='word_1_290' title='bbox 903 3813 970 3858; x_wconf 92' lang='lat' dir='ltr'>una</span> <span class='ocrx_word' id='word_1_291' title='bbox 993 3794 1036 3858; x_wconf 90' lang='lat' dir='ltr'>ad</span> <span class='ocrx_word' id='word_1_292' title='bbox 1060 3795 1248 3870; x_wconf 89' lang='lat' dir='ltr'>sinistrum,</span> <span class='ocrx_word' id='word_1_293' title='bbox 1272 3805 1308 3861; x_wconf 89' lang='lat' dir='ltr'>et</span> <span class='ocrx_word' id='word_1_294' title='bbox 1328 3819 1396 3862; x_wconf 87' lang='lat' dir='ltr'>una</span> 
     </span>
     <span class='ocr_line' id='line_1_33' title="bbox 272 3885 1394 3972; baseline 0.009 -24"><span class='ocrx_word' id='word_1_295' title='bbox 272 3905 318 3948; x_wconf 90' lang='lat' dir='ltr'>ex</span> <span class='ocrx_word' id='word_1_296' title='bbox 331 3886 494 3968; x_wconf 90' lang='lat' dir='ltr'>opposito</span> <span class='ocrx_word' id='word_1_297' title='bbox 510 3885 554 3948; x_wconf 91' lang='lat' dir='ltr'>ad</span> <span class='ocrx_word' id='word_1_298' title='bbox 571 3885 744 3951; x_wconf 89' lang='lat' dir='ltr'>dextrum.</span> <span class='ocrx_word' id='word_1_299' title='bbox 789 3887 857 3952; x_wconf 89' lang='lat' dir='ltr'>Via</span> <span class='ocrx_word' id='word_1_300' title='bbox 869 3909 955 3972; x_wconf 91' lang='lat' dir='ltr'>quae</span> <span class='ocrx_word' id='word_1_301' title='bbox 972 3890 1141 3954; x_wconf 89' lang='lat' dir='ltr'>tendebat</span> <span class='ocrx_word' id='word_1_302' title='bbox 1158 3891 1202 3954; x_wconf 91' lang='lat' dir='ltr'>ad</span> <span class='ocrx_word' id='word_1_303' title='bbox 1219 3893 1394 3958; x_wconf 90' lang='lat' dir='ltr'>sinistrum</span> 
     </span>
     <span class='ocr_line' id='line_1_34' title="bbox 273 3977 1394 4066; baseline 0.007 -22"><span class='ocrx_word' id='word_1_304' title='bbox 273 3990 347 4044; x_wconf 89' lang='lat' dir='ltr'>erat</span> <span class='ocrx_word' id='word_1_305' title='bbox 367 3991 517 4062; x_wconf 83' lang='lat' dir='ltr'>angusta</span> <span class='ocrx_word' id='word_1_306' title='bbox 535 4001 594 4044; x_wconf 83' lang='lat' dir='ltr'>seu</span> <span class='ocrx_word' id='word_1_307' title='bbox 613 3977 744 4057; x_wconf 66' lang='lat' dir='ltr'>studia,</span> <span class='ocrx_word' id='word_1_308' title='bbox 764 3981 895 4048; x_wconf 90' lang='lat' dir='ltr'>ducens</span> <span class='ocrx_word' id='word_1_309' title='bbox 914 4003 974 4066; x_wconf 90' lang='lat' dir='ltr'>per</span> <span class='ocrx_word' id='word_1_310' title='bbox 993 3985 1211 4050; x_wconf 88' lang='lat' dir='ltr'>occidentem</span> <span class='ocrx_word' id='word_1_311' title='bbox 1230 3987 1274 4050; x_wconf 94' lang='lat' dir='ltr'>ad</span> <span class='ocrx_word' id='word_1_312' title='bbox 1294 3989 1394 4052; x_wconf 89' lang='lat' dir='ltr'>meri·</span> 
     </span>
     <span class='ocr_line' id='line_1_35' title="bbox 272 4073 1393 4164; baseline 0.007 -24"><span class='ocrx_word' id='word_1_313' title='bbox 272 4073 374 4149; x_wconf 83' lang='lat' dir='ltr'>diem,</span> <span class='ocrx_word' id='word_1_314' title='bbox 387 4085 423 4140; x_wconf 92' lang='lat' dir='ltr'>et</span> <span class='ocrx_word' id='word_1_315' title='bbox 439 4075 487 4140; x_wconf 90' lang='lat' dir='ltr'>sic</span> <span class='ocrx_word' id='word_1_316' title='bbox 504 4075 538 4140; x_wconf 89' lang='lat' dir='ltr'>in</span> <span class='ocrx_word' id='word_1_317' title='bbox 554 4075 665 4142; x_wconf 91' lang='lat' dir='ltr'>lucem</span> <span class='ocrx_word' id='word_1_318' title='bbox 682 4077 769 4143; x_wconf 89' lang='lat' dir='ltr'>caeli</span> <span class='ocrx_word' id='word_1_319' title='bbox 783 4099 792 4156; x_wconf 88' lang='lat'>;</span> <span class='ocrx_word' id='word_1_320' title='bbox 814 4079 870 4144; x_wconf 90' lang='lat' dir='ltr'>via</span> <span class='ocrx_word' id='word_1_321' title='bbox 886 4099 973 4164; x_wconf 90' lang='lat' dir='ltr'>quae</span> <span class='ocrx_word' id='word_1_322' title='bbox 986 4079 1154 4146; x_wconf 85' lang='lat' dir='ltr'>tendebat</span> <span class='ocrx_word' id='word_1_323' title='bbox 1169 4081 1214 4144; x_wconf 92' lang='lat' dir='ltr'>ad</span> <span class='ocrx_word' id='word_1_324' title='bbox 1230 4081 1393 4148; x_wconf 82' lang='lat' dir='ltr'>dextrum</span> 
     </span>
     <span class='ocr_line' id='line_1_36' title="bbox 272 4169 1394 4258; baseline 0.007 -24"><span class='ocrx_word' id='word_1_325' title='bbox 272 4180 346 4234; x_wconf 91' lang='lat' dir='ltr'>erat</span> <span class='ocrx_word' id='word_1_326' title='bbox 365 4169 437 4235; x_wconf 89' lang='lat' dir='ltr'>lata</span> <span class='ocrx_word' id='word_1_327' title='bbox 453 4181 489 4236; x_wconf 93' lang='lat' dir='ltr'>et</span> <span class='ocrx_word' id='word_1_328' title='bbox 507 4172 672 4252; x_wconf 89' lang='lat' dir='ltr'>spatiosa,</span> <span class='ocrx_word' id='word_1_329' title='bbox 686 4173 816 4238; x_wconf 89' lang='lat' dir='ltr'>ducens</span> <span class='ocrx_word' id='word_1_330' title='bbox 832 4173 969 4258; x_wconf 91' lang='lat' dir='ltr'>oblique</span> <span class='ocrx_word' id='word_1_331' title='bbox 985 4175 1144 4240; x_wconf 91' lang='lat' dir='ltr'>deorsum</span> <span class='ocrx_word' id='word_1_332' title='bbox 1161 4196 1277 4240; x_wconf 88' lang='lat' dir='ltr'>versus</span> <span class='ocrx_word' id='word_1_333' title='bbox 1293 4177 1394 4242; x_wconf 89' lang='lat' dir='ltr'>inser·</span> 
     </span>
     <span class='ocr_line' id='line_1_37' title="bbox 274 4261 1393 4356; baseline 0.01 -29"><span class='ocrx_word' id='word_1_334' title='bbox 274 4283 364 4328; x_wconf 91' lang='lat' dir='ltr'>num.</span> <span class='ocrx_word' id='word_1_335' title='bbox 410 4261 541 4332; x_wconf 88' lang='lat' dir='ltr'>Omnes</span> <span class='ocrx_word' id='word_1_336' title='bbox 565 4268 710 4350; x_wconf 88' lang='lat' dir='ltr'>primum</span> <span class='ocrx_word' id='word_1_337' title='bbox 734 4269 797 4334; x_wconf 89' lang='lat' dir='ltr'>visi</span> <span class='ocrx_word' id='word_1_338' title='bbox 820 4281 901 4334; x_wconf 89' lang='lat' dir='ltr'>sunt</span> <span class='ocrx_word' id='word_1_339' title='bbox 924 4271 1070 4336; x_wconf 90' lang='lat' dir='ltr'>candem</span> <span class='ocrx_word' id='word_1_340' title='bbox 1092 4273 1183 4335; x_wconf 89' lang='lat' dir='ltr'>viam</span> <span class='ocrx_word' id='word_1_341' title='bbox 1207 4271 1267 4347; x_wconf 90' lang='lat' dir='ltr'>ire,</span> <span class='ocrx_word' id='word_1_342' title='bbox 1288 4293 1393 4356; x_wconf 89' lang='lat' dir='ltr'>usque</span> 
     </span>
     <span class='ocr_line' id='line_1_38' title="bbox 272 4359 1393 4444; baseline 0.01 -23"><span class='ocrx_word' id='word_1_343' title='bbox 272 4359 316 4422; x_wconf 89' lang='lat' dir='ltr'>ad</span> <span class='ocrx_word' id='word_1_344' title='bbox 343 4359 493 4442; x_wconf 89' lang='lat' dir='ltr'>lapidem</span> <span class='ocrx_word' id='word_1_345' title='bbox 516 4380 680 4444; x_wconf 86' lang='lat' dir='ltr'>magnum</span> <span class='ocrx_word' id='word_1_346' title='bbox 706 4364 740 4427; x_wconf 91' lang='lat' dir='ltr'>in</span> <span class='ocrx_word' id='word_1_347' title='bbox 770 4363 885 4444; x_wconf 85' lang='lat' dir='ltr'>bivio;</span> <span class='ocrx_word' id='word_1_348' title='bbox 916 4367 978 4429; x_wconf 87' lang='lat' dir='ltr'>scd</span> <span class='ocrx_word' id='word_1_349' title='bbox 1007 4385 1085 4430; x_wconf 83' lang='lat' dir='ltr'>cunr</span> <span class='ocrx_word' id='word_1_350' title='bbox 1108 4365 1188 4431; x_wconf 90' lang='lat' dir='ltr'>illuc</span> <span class='ocrx_word' id='word_1_351' title='bbox 1211 4379 1393 4444; x_wconf 86' lang='lat' dir='ltr'>venerunt,</span> 
     </span>
     <span class='ocr_line' id='line_1_39' title="bbox 272 4457 1393 4538; baseline 0.009 -19"><span class='ocrx_word' id='word_1_352' title='bbox 272 4457 424 4538; x_wconf 85' lang='lat' dir='ltr'>separati</span> <span class='ocrx_word' id='word_1_353' title='bbox 446 4467 548 4535; x_wconf 90' lang='lat' dir='ltr'>sunt;</span> <span class='ocrx_word' id='word_1_354' title='bbox 579 4459 660 4522; x_wconf 90' lang='lat' dir='ltr'>boni</span> <span class='ocrx_word' id='word_1_355' title='bbox 683 4457 914 4526; x_wconf 67' lang='lat' dir='ltr'>deflectebant</span> <span class='ocrx_word' id='word_1_356' title='bbox 945 4461 989 4525; x_wconf 91' lang='lat' dir='ltr'>ad</span> <span class='ocrx_word' id='word_1_357' title='bbox 1020 4463 1207 4538; x_wconf 86' lang='lat' dir='ltr'>sinistrum,</span> <span class='ocrx_word' id='word_1_358' title='bbox 1227 4471 1263 4528; x_wconf 89' lang='lat' dir='ltr'>et</span> <span class='ocrx_word' id='word_1_359' title='bbox 1286 4463 1393 4528; x_wconf 88' lang='lat' dir='ltr'>intra·</span> 
     </span>
     <span class='ocr_line' id='line_1_40' title="bbox 271 4549 1394 4639; baseline 0.012 -26"><span class='ocrx_word' id='word_1_360' title='bbox 271 4549 358 4614; x_wconf 90' lang='lat' dir='ltr'>bant</span> <span class='ocrx_word' id='word_1_361' title='bbox 376 4552 466 4616; x_wconf 84' lang='lat' dir='ltr'>viam</span> <span class='ocrx_word' id='word_1_362' title='bbox 485 4551 639 4618; x_wconf 67' lang='lat' dir='ltr'>strictam</span> <span class='ocrx_word' id='word_1_363' title='bbox 659 4575 746 4638; x_wconf 88' lang='lat' dir='ltr'>quae</span> <span class='ocrx_word' id='word_1_364' title='bbox 765 4555 913 4620; x_wconf 89' lang='lat' dir='ltr'>ducebat</span> <span class='ocrx_word' id='word_1_365' title='bbox 932 4557 975 4620; x_wconf 88' lang='lat' dir='ltr'>ad</span> <span class='ocrx_word' id='word_1_366' title='bbox 994 4557 1149 4636; x_wconf 89' lang='lat' dir='ltr'>caelum;</span> <span class='ocrx_word' id='word_1_367' title='bbox 1172 4568 1210 4624; x_wconf 88' lang='lat' dir='ltr'>at</span> <span class='ocrx_word' id='word_1_368' title='bbox 1226 4560 1307 4626; x_wconf 90' lang='lat' dir='ltr'>mali</span> <span class='ocrx_word' id='word_1_369' title='bbox 1325 4582 1394 4639; x_wconf 87' lang='lat' dir='ltr'>non</span> 
     </span>
     <span class='ocr_line' id='line_1_41' title="bbox 272 4645 1392 4739; baseline 0.013 -29"><span class='ocrx_word' id='word_1_370' title='bbox 272 4645 437 4714; x_wconf 88' lang='lat' dir='ltr'>videbant</span> <span class='ocrx_word' id='word_1_371' title='bbox 459 4647 609 4734; x_wconf 89' lang='lat' dir='ltr'>lapidem</span> <span class='ocrx_word' id='word_1_372' title='bbox 635 4651 671 4715; x_wconf 90' lang='lat' dir='ltr'>in</span> <span class='ocrx_word' id='word_1_373' title='bbox 699 4651 802 4730; x_wconf 85' lang='lat' dir='ltr'>bivio,</span> <span class='ocrx_word' id='word_1_374' title='bbox 826 4661 863 4718; x_wconf 86' lang='lat' dir='ltr'>et</span> <span class='ocrx_word' id='word_1_375' title='bbox 892 4653 1066 4720; x_wconf 88' lang='lat' dir='ltr'>cadebant</span> <span class='ocrx_word' id='word_1_376' title='bbox 1094 4675 1196 4739; x_wconf 86' lang='lat' dir='ltr'>super</span> <span class='ocrx_word' id='word_1_377' title='bbox 1221 4657 1329 4734; x_wconf 89' lang='lat' dir='ltr'>illum,</span> <span class='ocrx_word' id='word_1_378' title='bbox 1353 4679 1392 4724; x_wconf 91' lang='lat' dir='ltr'>ac</span> 
     </span>
    </p>
   </div>
   <div class='ocr_carea' id='block_1_6' title="bbox 0 0 1680 5366">
    <p class='ocr_par' dir='ltr' id='par_1_7' title="bbox 0 0 1680 5366">
     <span class='ocr_line' id='line_1_42' title="bbox 0 0 1680 5366; baseline 0 3"><span class='ocrx_word' id='word_1_379' title='bbox 0 0 1680 5366; x_wconf 95' lang='lat' dir='ltr'> </span> 
     </span>
    </p>
   </div>
  </div>
 </body>
</html>
