3382 5358
332 605 382 657 DE
405 606 694 690 CONJUNCTIONE
716 608 832 660 CAELI
854 609 933 660 CUM
954 609 1121 660 HUMANO
1144 608 1308 659 GENERE.
1329 609 1389 676 177

270 774 483 846 conscientia
497 801 543 846 ex
559 802 601 846 eo
617 782 708 865 quod
726 803 794 846 non
811 783 855 848 sit
873 782 940 846 illis
957 783 1179 858 conscientia,
1193 781 1391 848 adscribant

269 875 342 958 ejus
359 877 516 942 dolorem
535 876 786 942 ventriculum>

332 989 440 1057 θοι».
462 971 667 1054 conjunctio
682 973 770 1038 caeli
786 993 863 1037 cum
879 975 1032 1048 homine,
1047 993 1116 1036 non
1130 981 1186 1036 est
1202 975 1290 1038 sicut
1306 993 1389 1038 con·

267 1065 396 1148 junctio
408 1068 556 1132 hominis
575 1087 653 1134 cum
669 1069 819 1144 homine,
837 1069 898 1133 sed
918 1079 972 1134 est
992 1065 1189 1150 conjunctio
1202 1087 1282 1134 cum
1300 1069 1390 1132 inte-

268 1163 412 1228 rioribus
441 1183 529 1246 quae
562 1174 643 1228 sunt
672 1165 798 1230 mentis
828 1163 910 1245 ejus,
939 1166 988 1228 ita
1021 1183 1099 1228 cum
1129 1161 1298 1245 spirituali
1332 1183 1391 1228 seu

268 1260 406 1336 interno
422 1258 494 1340 ejus
509 1257 667 1324 homine:
692 1279 769 1324 cum
783 1259 928 1324 naturali
944 1268 1061 1324 autem
1079 1279 1139 1324 seu
1153 1267 1303 1322 externo
1320 1257 1391 1340 ejus
1437 1336 1441 1346 Ι
1543 1298 1550 1308 -

268 1363 322 1416 est
339 1351 535 1435 conjunctio
554 1375 613 1438 per
632 1355 978 1438 correspondentias3
1003 1355 1045 1418 de
1065 1375 1130 1437 qua
1150 1351 1391 1436 conjunctione

268 1449 302 1512 in
322 1459 489 1532 sequente
507 1450 664 1526 articulo,
685 1451 740 1514 ubi
764 1451 808 1514 de
831 1447 1080 1531 conjunctione
1099 1449 1194 1514 Caeli
1213 1469 1290 1513 cum
1316 1449 1390 1514 Ho-

269 1544 360 1610 mine
378 1565 439 1627 per
458 1545 611 1610 Verbum
627 1547 801 1628 agendum
825 1556 888 1622 est,
909 1547 1052 1611 dicetur.

328 1653 428 1721 3⁰1.
459 1639 561 1722 Quod
584 1639 781 1722 conjunctio
800 1641 891 1706 caeli
915 1661 993 1705 cum
1016 1641 1167 1704 humano
1190 1657 1329 1724 genere,
1353 1651 1390 1707 et

268 1733 367 1817 hujus
385 1755 462 1800 cum
481 1736 593 1813 caelo,
613 1736 693 1801 talis
712 1737 758 1800 sit
777 1746 814 1800 ut
834 1755 938 1800 unum
956 1737 1123 1800 subsistat
1144 1737 1191 1800 ab
1212 1737 1335 1814 altero,
1355 1739 1390 1801 in

269 1841 435 1913 sequente
455 1831 602 1896 articulo
620 1835 725 1896 etiam
745 1832 887 1896 dicetur.

331 1939 431 2008 3⁰2.
461 1926 615 1991 Locutus
631 1947 711 2015 sum=
725 1947 802 1991 cum
822 1926 956 2009 angelis
975 1927 1019 1991 de
1041 1924 1282 2008 conjunctione
1302 1927 1389 1992 caeli

268 2039 345 2084 cum
358 2020 508 2086 humano
521 2043 648 2104 genere
661 2043 668 2100 3
693 2032 729 2086 et
746 2022 828 2098 dixi,
843 2023 934 2106 quod
950 2022 1055 2086 homo
1071 2021 1240 2086 ecclesiae
1252 2023 1389 2105 quidem

268 2117 373 2192 dicat,
393 2117 484 2198 quod
509 2137 610 2182 omne
634 2118 761 2182 bonum
786 2119 829 2182 sit
854 2138 874 2182 a
898 2117 984 2194 Deo,
1006 2126 1041 2182 et
1065 2117 1156 2200 quod
1179 2118 1296 2200 angeli
1320 2118 1389 2182 sint

268 2212 358 2293 apud
381 2212 567 2288 hominem,
588 2213 649 2276 sed
673 2213 763 2295 quod
787 2234 893 2297 usque
916 2213 1016 2295 pauci
1039 2214 1182 2276 credant
1205 2214 1297 2297 quod
1320 2215 1389 2276 sint

268 2305 440 2389 conjuncti
457 2308 596 2383 homini,
617 2309 729 2371 minus
747 2309 837 2391 quod
855 2309 927 2374 sint
945 2309 979 2372 in
998 2308 1212 2390 cogitatione
1231 2319 1268 2372 ct
1287 2308 1388 2373 affec-

268 2405 363 2467 tione
387 2401 466 2484 ejus.
512 2401 570 2466 Ad
601 2403 686 2467 haec
710 2403 826 2485 angeli
848 2405 1023 2480 dixerunt,
1048 2404 1140 2486 quod
1163 2403 1275 2492 sciant¹
1298 2405 1389 2486 quod

268 2498 353 2564 talis-
366 2497 451 2564 fides
469 2507 505 2562 et
522 2519 628 2582 usque
645 2499 725 2564 talis
741 2499 878 2582 loquela
896 2501 943 2564 sit
966 2501 999 2564 in
1019 2500 1160 2575 mundo,
1177 2509 1214 2564 et
1237 2502 1389 2565 maxime

268 2596 358 2658 intra
381 2594 574 2670 ecclesiam,
597 2594 703 2677 (quod
724 2597 837 2659 mirati
860 2594 969 2678 sunt,)
994 2595 1050 2658 ubi
1073 2605 1192 2659 tamen
1222 2605 1276 2658 est
1299 2595 1387 2659 Ver-

268 2690 360 2764 bum,
385 2690 475 2772 quod
499 2689 578 2752 illos
600 2691 704 2754 docet
727 2691 770 2754 de
793 2691 902 2766 caelo,
923 2701 959 2754 et
989 2690 1032 2754 de
1055 2689 1126 2772 ejus
1149 2689 1389 2772 conjunctione

269 2804 345 2848 cum
365 2783 523 2862 homine;
547 2803 624 2848 cum
643 2794 761 2852 tamen
781 2785 862 2850 talis
877 2783 1072 2868 conjundtio
1091 2786 1147 2861 sit,
1168 2795 1205 2849 ut
1222 2785 1327 2850 homo
1346 2807 1389 2850 ne

269 2881 445 2944 minimum
464 2881 618 2962 cogitare
637 2882 748 2962 possit
766 2881 895 2964 absque
915 2881 1088 2962 spiritibus
1106 2882 1138 2944 ci
1157 2878 1335 2962 adjunctis,
1354 2892 1390 2944 et

268 2975 359 3058 quod
390 2977 462 3038 vita
492 2975 564 3056 ejus
594 2976 781 3057 spiritualis
802 2976 882 3039 inde
909 2976 1073 3058 pendeat.
1119 2973 1266 3040 Causam
1290 2976 1388 3058 igno·

268 3071 402 3134 rantiae
431 3069 528 3152 hujus
557 3072 605 3134 rei
635 3072 798 3136 dixerunt
829 3091 916 3147 esse,
947 3072 1039 3154 quod
1067 3071 1173 3136 homo
1202 3072 1322 3136 credat
1352 3091 1389 3136 sc

268 3166 382 3229 vivere
401 3187 446 3230 ex
465 3186 501 3228 se
520 3163 649 3248 absque
669 3187 762 3230 nexu
781 3185 857 3231 cum
878 3167 990 3230 Primo
1009 3166 1098 3230 Esse
1114 3167 1220 3242 vitae,
1240 3176 1277 3230 et
1296 3168 1388 3249 quod
1485 3206 1488 3213 ·

670 3396 717 3448 [iu
730 3407 826 3438 uncum
838 3396 1010 3451 emamus„

321 3508 384 3577 (aa)
405 3503 494 3582 Quod
505 3507 555 3578 qui
569 3507 782 3563 conscientiam
796 3523 857 3562 non
871 3507 991 3570 habent,
1004 3524 1065 3564 non
1079 3509 1175 3564 sciant
1188 3509 1260 3580 quid
1273 3507 1389 3564 consci-

268 3579 349 3634 entia
363 3581 403 3648 (n.
420 3591 498 3647 7490,
512 3579 604 3648 9¹²¹)-

285 3723 291 3734 ι
321 3649 411 3721 Quod
425 3650 486 3704 sint
499 3651 621 3720 quidam
633 3648 685 3720 qui
699 3649 798 3704 rident
807 3651 845 3704 ad
858 3650 1077 3704 conscientiam
1090 3665 1159 3704 cum
1173 3651 1302 3704 audiunt
1314 3651 1386 3722 quid

268 3731 307 3776 8η
321 3724 412 3863 gagg
418 3722 543 3862 ¹{didam
553 3791 677 3845 credant
689 3791 770 3862 quod
781 3791 965 3847 conscientia
976 3789 1051 3845 nihil
1064 3791 1111 3854 sit,
1122 3791 1244 3862 quidam
1253 3791 1334 3864 quod
1348 3792 1388 3847 sit

267 3862 379 3933 aliquid
395 3863 481 3916 triste
496 3861 683 3916 dolorificum
700 3864 833 3917 naturale
851 3863 898 3917 vel
919 3879 955 3917 ex
974 3863 1071 3918 causis
1092 3863 1121 3916 in
1140 3879 1266 3934 corpore
1284 3861 1332 3918 vel
1351 3879 1388 3917 ex

267 3934 365 3988 musis
380 3933 410 3988 in
426 3933 548 4008 mundo,
560 3933 683 4004 quidam
698 3933 781 4004 quod
797 3933 911 4004 aliquid
927 3934 1006 4004 apud
1023 3935 1130 4006 vulgus
1143 3949 1180 3990 ex
1193 3934 1334 4006 religioso
1347 3935 1387 4002 (n.

269 4004 661 4148 [Ζῴρξέἓὲῧςὲὲηεείεηῑία
673 4089 753 4138 vera,
763 4075 948 4130 conscientia
957 4075 1065 4146 spuria,
1075 4084 1107 4130 et
1119 4075 1304 4131 conscientia
1313 4075 1388 4130 falsa

269 4147 309 4214 (n.
321 4147 508 4288 §ffiddolor
516 4215 720 4274 conscientiae
730 4217 770 4272 sit
779 4217 915 4272 anxietas
924 4217 1036 4272 mentis
1046 4227 1170 4288 propter
1179 4217 1334 4288 injustum,
1343 4216 1387 4270 in-

267 4287 426 4350 sincerum.
434 4298 465 4344 et
473 4289 793 4371 quodcunque-malum
802 4289 883 4358 quod
894 4287 986 4344 homo
996 4289 1091 4343 credit
1101 4304 1166 4343 esse
1174 4299 1279 4344 contra
1291 4287 1385 4342 Deum

268 4369 299 4414 et
311 4368 415 4413 contra
428 4361 541 4413 bonum
554 4375 681 4430 proximi
697 4360 736 4426 (n.
750 4363 842 4426 7217).

321 4427 410 4501 Quod
426 4428 611 4485 conscientia
626 4429 684 4484 iliis
699 4429 739 4484 sit
753 4428 805 4499 qui
822 4429 851 4482 in
868 4443 970 4484 amore
985 4429 1015 4483 in
1033 4427 1128 4484 Deum
1145 4439 1176 4484 et
1195 4429 1225 4483 in
1240 4429 1387 4484 charitate

268 4515 338 4571 erga
350 4501 518 4571 proximum
531 4511 610 4564 sunt,
623 4515 684 4556 non
697 4509 798 4556 autem
813 4500 871 4556 illis
884 4500 936 4572 qui
949 4517 1010 4555 non
1023 4511 1095 4556 sunt
1109 4503 1149 4570 (n.
1163 4500 1223 4570 831,
1236 4501 1297 4570 965,
1309 4499 1390 4568 2380,

269 4573 360 4640 7⁴90)-
