<?xml version="1.0" encoding="UTF-8"?>
<!DOCTYPE html PUBLIC "-//W3C//DTD XHTML 1.0 Transitional//EN"
    "http://www.w3.org/TR/xhtml1/DTD/xhtml1-transitional.dtd">
<html xmlns="http://www.w3.org/1999/xhtml" xml:lang="en" lang="en">
 <head>
  <title>
</title>
<meta http-equiv="Content-Type" content="text/html;charset=utf-8" />
  <meta name='ocr-system' content='tesseract 3.04.00' />
  <meta name='ocr-capabilities' content='ocr_page ocr_carea ocr_par ocr_line ocrx_word'/>
</head>
<body>
  <div class='ocr_page' id='page_1' title='image "./decaeloetejusmi00swedgoog_0299.png"; bbox 0 0 3408 5358; ppageno 0'>
   <div class='ocr_carea' id='block_1_1' title="bbox 322 611 1119 680">
    <p class='ocr_par' dir='ltr' id='par_1_1' title="bbox 322 611 1119 680">
     <span class='ocr_line' id='line_1_1' title="bbox 322 611 1119 680; baseline 0.004 -19"><span class='ocrx_word' id='word_1_1' title='bbox 322 615 384 680; x_wconf 83' lang='lat'>292</span> <span class='ocrx_word' id='word_1_2' title='bbox 641 613 692 664; x_wconf 81' lang='lat' dir='ltr'>DE</span> <span class='ocrx_word' id='word_1_3' title='bbox 715 611 841 664; x_wconf 76' lang='lat' dir='ltr'>CAELO</span> <span class='ocrx_word' id='word_1_4' title='bbox 864 613 912 664; x_wconf 85' lang='lat' dir='ltr'>ET</span> <span class='ocrx_word' id='word_1_5' title='bbox 936 613 1119 666; x_wconf 79' lang='lat' dir='ltr'>INFERNO.</span> 
     </span>
    </p>
   </div>
   <div class='ocr_carea' id='block_1_2' title="bbox 307 783 1511 4651">
    <p class='ocr_par' dir='ltr' id='par_1_2' title="bbox 316 783 1440 964">
     <span class='ocr_line' id='line_1_2' title="bbox 317 783 1440 868; baseline 0.003 -18"><span class='ocrx_word' id='word_1_6' title='bbox 317 785 421 868; x_wconf 86' lang='lat' dir='ltr'>pitur‚</span> <span class='ocrx_word' id='word_1_7' title='bbox 440 795 477 849; x_wconf 91' lang='lat' dir='ltr'>et</span> <span class='ocrx_word' id='word_1_8' title='bbox 501 783 711 868; x_wconf 88' lang='lat' dir='ltr'>evigilantur</span> <span class='ocrx_word' id='word_1_9' title='bbox 733 785 768 850; x_wconf 90' lang='lat' dir='ltr'>in</span> <span class='ocrx_word' id='word_1_10' title='bbox 791 787 992 852; x_wconf 87' lang='lat' dir='ltr'>memoriam</span> <span class='ocrx_word' id='word_1_11' title='bbox 1016 786 1225 862; x_wconf 86' lang='lat' dir='ltr'>interiorem,</span> <span class='ocrx_word' id='word_1_12' title='bbox 1247 795 1282 851; x_wconf 90' lang='lat' dir='ltr'>et</span> <span class='ocrx_word' id='word_1_13' title='bbox 1303 805 1440 852; x_wconf 86' lang='lat' dir='ltr'>succes·</span> 
     </span>
     <span class='ocr_line' id='line_1_3' title="bbox 316 881 896 964; baseline 0.003 -20"><span class='ocrx_word' id='word_1_14' title='bbox 316 881 390 945; x_wconf 79' lang='lat' dir='ltr'>sive</span> <span class='ocrx_word' id='word_1_15' title='bbox 409 882 488 945; x_wconf 90' lang='lat' dir='ltr'>dein</span> <span class='ocrx_word' id='word_1_16' title='bbox 507 882 541 944; x_wconf 92' lang='lat' dir='ltr'>in</span> <span class='ocrx_word' id='word_1_17' title='bbox 561 883 670 964; x_wconf 84' lang='lat' dir='ltr'>ipsam</span> <span class='ocrx_word' id='word_1_18' title='bbox 690 881 896 963; x_wconf 82' lang='lat' dir='ltr'>angelicam.</span> 
     </span>
    </p>

    <p class='ocr_par' dir='ltr' id='par_1_3' title="bbox 307 975 1511 4651">
     <span class='ocr_line' id='line_1_4' title="bbox 379 975 1491 1060; baseline -0.001 -18"><span class='ocrx_word' id='word_1_19' title='bbox 379 975 485 1058; x_wconf 78' lang='lat'>468.</span> <span class='ocrx_word' id='word_1_20' title='bbox 515 975 700 1058; x_wconf 88' lang='lat' dir='ltr'>Quomodo</span> <span class='ocrx_word' id='word_1_21' title='bbox 719 976 889 1042; x_wconf 86' lang='lat' dir='ltr'>rationale</span> <span class='ocrx_word' id='word_1_22' title='bbox 909 985 1026 1060; x_wconf 84' lang='lat' dir='ltr'>potest</span> <span class='ocrx_word' id='word_1_23' title='bbox 1050 975 1177 1054; x_wconf 85' lang='lat' dir='ltr'>excoli,</span> <span class='ocrx_word' id='word_1_24' title='bbox 1197 977 1304 1042; x_wconf 88' lang='lat' dir='ltr'>etiam</span> <span class='ocrx_word' id='word_1_25' title='bbox 1323 977 1440 1060; x_wconf 78' lang='lat' dir='ltr'>paucis</span> <span class='ocrx_word' id='word_1_26' title='bbox 1490 1022 1491 1026; x_wconf 47' lang='lat'><em>=</em></span> 
     </span>
     <span class='ocr_line' id='line_1_5' title="bbox 316 1069 1439 1148; baseline 0.002 -14"><span class='ocrx_word' id='word_1_27' title='bbox 316 1070 461 1134; x_wconf 89' lang='lat' dir='ltr'>dicetur.</span> <span class='ocrx_word' id='word_1_28' title='bbox 507 1069 702 1136; x_wconf 89' lang='lat' dir='ltr'>Genuinum</span> <span class='ocrx_word' id='word_1_29' title='bbox 725 1071 895 1136; x_wconf 84' lang='lat' dir='ltr'>rationale</span> <span class='ocrx_word' id='word_1_30' title='bbox 919 1073 1082 1138; x_wconf 86' lang='lat' dir='ltr'>consistit</span> <span class='ocrx_word' id='word_1_31' title='bbox 1108 1093 1154 1136; x_wconf 88' lang='lat' dir='ltr'>ex</span> <span class='ocrx_word' id='word_1_32' title='bbox 1184 1073 1285 1148; x_wconf 86' lang='lat' dir='ltr'>veris,</span> <span class='ocrx_word' id='word_1_33' title='bbox 1310 1083 1346 1136; x_wconf 90' lang='lat' dir='ltr'>et</span> <span class='ocrx_word' id='word_1_34' title='bbox 1370 1092 1439 1137; x_wconf 90' lang='lat' dir='ltr'>non</span> 
     </span>
     <span class='ocr_line' id='line_1_6' title="bbox 315 1165 1439 1249; baseline 0.004 -20"><span class='ocrx_word' id='word_1_35' title='bbox 315 1185 362 1230; x_wconf 86' lang='lat' dir='ltr'>ex</span> <span class='ocrx_word' id='word_1_36' title='bbox 383 1165 500 1246; x_wconf 82' lang='lat' dir='ltr'>falsis;</span> <span class='ocrx_word' id='word_1_37' title='bbox 528 1166 618 1249; x_wconf 90' lang='lat' dir='ltr'>quod</span> <span class='ocrx_word' id='word_1_38' title='bbox 643 1187 689 1230; x_wconf 84' lang='lat' dir='ltr'>ex</span> <span class='ocrx_word' id='word_1_39' title='bbox 719 1165 814 1232; x_wconf 84' lang='lat' dir='ltr'>salsis</span> <span class='ocrx_word' id='word_1_40' title='bbox 834 1187 903 1232; x_wconf 93' lang='lat' dir='ltr'>non</span> <span class='ocrx_word' id='word_1_41' title='bbox 929 1177 985 1231; x_wconf 91' lang='lat' dir='ltr'>est</span> <span class='ocrx_word' id='word_1_42' title='bbox 1011 1165 1193 1232; x_wconf 80' lang='lat' dir='ltr'>rationale.</span> <span class='ocrx_word' id='word_1_43' title='bbox 1239 1165 1333 1232; x_wconf 87' lang='lat' dir='ltr'>Vera</span> <span class='ocrx_word' id='word_1_44' title='bbox 1359 1179 1439 1234; x_wconf 90' lang='lat' dir='ltr'>suut</span> 
     </span>
     <span class='ocr_line' id='line_1_7' title="bbox 315 1260 1440 1344; baseline 0.004 -20"><span class='ocrx_word' id='word_1_45' title='bbox 315 1260 459 1343; x_wconf 89' lang='lat' dir='ltr'>triplicis</span> <span class='ocrx_word' id='word_1_46' title='bbox 469 1263 604 1344; x_wconf 88' lang='lat' dir='ltr'>generis</span> <span class='ocrx_word' id='word_1_47' title='bbox 617 1283 626 1342; x_wconf 92' lang='lat'>;</span> <span class='ocrx_word' id='word_1_48' title='bbox 649 1271 730 1326; x_wconf 89' lang='lat' dir='ltr'>sunt</span> <span class='ocrx_word' id='word_1_49' title='bbox 746 1263 869 1338; x_wconf 83' lang='lat' dir='ltr'>civilia,</span> <span class='ocrx_word' id='word_1_50' title='bbox 883 1261 1036 1340; x_wconf 85' lang='lat' dir='ltr'>moralia,</span> <span class='ocrx_word' id='word_1_51' title='bbox 1049 1272 1086 1328; x_wconf 90' lang='lat' dir='ltr'>et</span> <span class='ocrx_word' id='word_1_52' title='bbox 1102 1263 1301 1344; x_wconf 87' lang='lat' dir='ltr'>spiritualia.</span> <span class='ocrx_word' id='word_1_53' title='bbox 1346 1261 1440 1328; x_wconf 88' lang='lat' dir='ltr'>Vera</span> 
     </span>
     <span class='ocr_line' id='line_1_8' title="bbox 315 1355 1438 1442; baseline 0.003 -23"><span class='ocrx_word' id='word_1_54' title='bbox 315 1355 429 1419; x_wconf 91' lang='lat' dir='ltr'>civilia</span> <span class='ocrx_word' id='word_1_55' title='bbox 448 1377 484 1420; x_wconf 92' lang='lat' dir='ltr'>se</span> <span class='ocrx_word' id='word_1_56' title='bbox 504 1356 653 1422; x_wconf 81' lang='lat' dir='ltr'>referunt</span> <span class='ocrx_word' id='word_1_57' title='bbox 671 1358 716 1423; x_wconf 91' lang='lat' dir='ltr'>ad</span> <span class='ocrx_word' id='word_1_58' title='bbox 744 1357 804 1422; x_wconf 91' lang='lat' dir='ltr'>illa</span> <span class='ocrx_word' id='word_1_59' title='bbox 822 1378 909 1441; x_wconf 90' lang='lat' dir='ltr'>quae</span> <span class='ocrx_word' id='word_1_60' title='bbox 933 1355 1049 1440; x_wconf 88' lang='lat' dir='ltr'>judicii</span> <span class='ocrx_word' id='word_1_61' title='bbox 1067 1367 1159 1434; x_wconf 88' lang='lat' dir='ltr'>sunt,</span> <span class='ocrx_word' id='word_1_62' title='bbox 1179 1367 1216 1422; x_wconf 90' lang='lat' dir='ltr'>et</span> <span class='ocrx_word' id='word_1_63' title='bbox 1243 1379 1329 1442; x_wconf 91' lang='lat' dir='ltr'>quae</span> <span class='ocrx_word' id='word_1_64' title='bbox 1348 1357 1438 1440; x_wconf 87' lang='lat' dir='ltr'>regi-</span> 
     </span>
     <span class='ocr_line' id='line_1_9' title="bbox 316 1451 1439 1537; baseline 0.004 -24"><span class='ocrx_word' id='word_1_65' title='bbox 316 1451 415 1513; x_wconf 88' lang='lat' dir='ltr'>minis</span> <span class='ocrx_word' id='word_1_66' title='bbox 435 1452 470 1514; x_wconf 94' lang='lat' dir='ltr'>in</span> <span class='ocrx_word' id='word_1_67' title='bbox 488 1453 614 1534; x_wconf 87' lang='lat' dir='ltr'>regnis,</span> <span class='ocrx_word' id='word_1_68' title='bbox 634 1454 668 1516; x_wconf 91' lang='lat' dir='ltr'>in</span> <span class='ocrx_word' id='word_1_69' title='bbox 688 1473 814 1535; x_wconf 85' lang='lat' dir='ltr'>genere</span> <span class='ocrx_word' id='word_1_70' title='bbox 833 1454 879 1517; x_wconf 88' lang='lat' dir='ltr'>ibi</span> <span class='ocrx_word' id='word_1_71' title='bbox 898 1451 1085 1535; x_wconf 84' lang='lat' dir='ltr'>adjustum</span> <span class='ocrx_word' id='word_1_72' title='bbox 1103 1464 1140 1518; x_wconf 92' lang='lat' dir='ltr'>et</span> <span class='ocrx_word' id='word_1_73' title='bbox 1161 1473 1329 1537; x_wconf 87' lang='lat' dir='ltr'>aequum:</span> <span class='ocrx_word' id='word_1_74' title='bbox 1357 1474 1439 1518; x_wconf 87' lang='lat' dir='ltr'>vera</span> 
     </span>
     <span class='ocr_line' id='line_1_10' title="bbox 314 1547 1438 1632; baseline 0.002 -22"><span class='ocrx_word' id='word_1_75' title='bbox 314 1547 460 1611; x_wconf 87' lang='lat' dir='ltr'>moralia</span> <span class='ocrx_word' id='word_1_76' title='bbox 489 1568 526 1611; x_wconf 91' lang='lat' dir='ltr'>se</span> <span class='ocrx_word' id='word_1_77' title='bbox 552 1547 703 1613; x_wconf 80' lang='lat' dir='ltr'>referunt</span> <span class='ocrx_word' id='word_1_78' title='bbox 734 1548 779 1613; x_wconf 89' lang='lat' dir='ltr'>ad</span> <span class='ocrx_word' id='word_1_79' title='bbox 808 1548 868 1612; x_wconf 93' lang='lat' dir='ltr'>illa</span> <span class='ocrx_word' id='word_1_80' title='bbox 894 1569 981 1632; x_wconf 88' lang='lat' dir='ltr'>quae</span> <span class='ocrx_word' id='word_1_81' title='bbox 1004 1549 1098 1612; x_wconf 90' lang='lat' dir='ltr'>vitae</span> <span class='ocrx_word' id='word_1_82' title='bbox 1121 1547 1267 1632; x_wconf 88' lang='lat' dir='ltr'>cujusvis</span> <span class='ocrx_word' id='word_1_83' title='bbox 1289 1548 1438 1614; x_wconf 90' lang='lat' dir='ltr'>hominis</span> 
     </span>
     <span class='ocr_line' id='line_1_11' title="bbox 315 1640 1437 1726; baseline 0.005 -22"><span class='ocrx_word' id='word_1_84' title='bbox 315 1652 407 1718; x_wconf 87' lang='lat' dir='ltr'>sunt,</span> <span class='ocrx_word' id='word_1_85' title='bbox 426 1640 615 1726; x_wconf 74' lang='lat' dir='ltr'>respeffive</span> <span class='ocrx_word' id='word_1_86' title='bbox 638 1645 682 1708; x_wconf 88' lang='lat' dir='ltr'>ad</span> <span class='ocrx_word' id='word_1_87' title='bbox 707 1645 894 1708; x_wconf 86' lang='lat' dir='ltr'>societates</span> <span class='ocrx_word' id='word_1_88' title='bbox 910 1653 953 1706; x_wconf 81' lang='lat' dir='ltr'>et</span> <span class='ocrx_word' id='word_1_89' title='bbox 977 1644 1165 1720; x_wconf 85' lang='lat' dir='ltr'>consortia,</span> <span class='ocrx_word' id='word_1_90' title='bbox 1185 1643 1220 1708; x_wconf 88' lang='lat' dir='ltr'>in</span> <span class='ocrx_word' id='word_1_91' title='bbox 1238 1663 1366 1726; x_wconf 83' lang='lat' dir='ltr'>genere</span> <span class='ocrx_word' id='word_1_92' title='bbox 1393 1645 1437 1710; x_wconf 90' lang='lat' dir='ltr'>ad</span> 
     </span>
     <span class='ocr_line' id='line_1_12' title="bbox 314 1735 1437 1824; baseline 0.005 -24"><span class='ocrx_word' id='word_1_93' title='bbox 314 1738 486 1802; x_wconf 89' lang='lat' dir='ltr'>sincerum</span> <span class='ocrx_word' id='word_1_94' title='bbox 505 1747 541 1802; x_wconf 91' lang='lat' dir='ltr'>et</span> <span class='ocrx_word' id='word_1_95' title='bbox 560 1735 701 1816; x_wconf 67' lang='lat' dir='ltr'>reolum,</span> <span class='ocrx_word' id='word_1_96' title='bbox 722 1759 762 1804; x_wconf 91' lang='lat' dir='ltr'>ac</span> <span class='ocrx_word' id='word_1_97' title='bbox 782 1740 816 1802; x_wconf 90' lang='lat' dir='ltr'>in</span> <span class='ocrx_word' id='word_1_98' title='bbox 835 1739 950 1822; x_wconf 89' lang='lat' dir='ltr'>specie</span> <span class='ocrx_word' id='word_1_99' title='bbox 969 1740 1012 1803; x_wconf 91' lang='lat' dir='ltr'>ad</span> <span class='ocrx_word' id='word_1_100' title='bbox 1036 1740 1182 1804; x_wconf 90' lang='lat' dir='ltr'>virtutes</span> <span class='ocrx_word' id='word_1_101' title='bbox 1201 1739 1313 1804; x_wconf 88' lang='lat' dir='ltr'>omnis</span> <span class='ocrx_word' id='word_1_102' title='bbox 1331 1761 1437 1824; x_wconf 88' lang='lat' dir='ltr'>gene·</span> 
     </span>
     <span class='ocr_line' id='line_1_13' title="bbox 314 1833 1437 1920; baseline 0.004 -24"><span class='ocrx_word' id='word_1_103' title='bbox 314 1833 380 1898; x_wconf 87' lang='lat' dir='ltr'>ris:</span> <span class='ocrx_word' id='word_1_104' title='bbox 414 1843 453 1898; x_wconf 89' lang='lat' dir='ltr'>at</span> <span class='ocrx_word' id='word_1_105' title='bbox 476 1855 558 1898; x_wconf 89' lang='lat' dir='ltr'>vera</span> <span class='ocrx_word' id='word_1_106' title='bbox 576 1835 768 1917; x_wconf 90' lang='lat' dir='ltr'>spiritualia</span> <span class='ocrx_word' id='word_1_107' title='bbox 787 1855 824 1900; x_wconf 90' lang='lat' dir='ltr'>se</span> <span class='ocrx_word' id='word_1_108' title='bbox 847 1835 998 1900; x_wconf 81' lang='lat' dir='ltr'>referunt</span> <span class='ocrx_word' id='word_1_109' title='bbox 1028 1835 1072 1900; x_wconf 88' lang='lat' dir='ltr'>ad</span> <span class='ocrx_word' id='word_1_110' title='bbox 1102 1834 1161 1900; x_wconf 91' lang='lat' dir='ltr'>illa</span> <span class='ocrx_word' id='word_1_111' title='bbox 1179 1855 1267 1920; x_wconf 89' lang='lat' dir='ltr'>quae</span> <span class='ocrx_word' id='word_1_112' title='bbox 1285 1835 1372 1900; x_wconf 88' lang='lat' dir='ltr'>caeli</span> <span class='ocrx_word' id='word_1_113' title='bbox 1401 1847 1437 1902; x_wconf 88' lang='lat' dir='ltr'>et</span> 
     </span>
     <span class='ocr_line' id='line_1_14' title="bbox 314 1927 1436 2014; baseline 0.002 -22"><span class='ocrx_word' id='word_1_114' title='bbox 314 1927 482 1994; x_wconf 89' lang='lat' dir='ltr'>ecclesiae</span> <span class='ocrx_word' id='word_1_115' title='bbox 498 1939 588 2006; x_wconf 89' lang='lat' dir='ltr'>sunt,</span> <span class='ocrx_word' id='word_1_116' title='bbox 606 1931 640 1994; x_wconf 91' lang='lat' dir='ltr'>in</span> <span class='ocrx_word' id='word_1_117' title='bbox 658 1950 787 2014; x_wconf 84' lang='lat' dir='ltr'>genere</span> <span class='ocrx_word' id='word_1_118' title='bbox 806 1929 850 1994; x_wconf 91' lang='lat' dir='ltr'>ad</span> <span class='ocrx_word' id='word_1_119' title='bbox 869 1931 998 1994; x_wconf 89' lang='lat' dir='ltr'>bonum</span> <span class='ocrx_word' id='word_1_120' title='bbox 1014 1929 1107 2013; x_wconf 87' lang='lat' dir='ltr'>quod</span> <span class='ocrx_word' id='word_1_121' title='bbox 1124 1931 1249 1994; x_wconf 88' lang='lat' dir='ltr'>amoris</span> <span class='ocrx_word' id='word_1_122' title='bbox 1265 1939 1301 1994; x_wconf 89' lang='lat' dir='ltr'>et</span> <span class='ocrx_word' id='word_1_123' title='bbox 1319 1951 1436 1996; x_wconf 86' lang='lat' dir='ltr'>verum</span> 
     </span>
     <span class='ocr_line' id='line_1_15' title="bbox 313 2023 1437 2110; baseline 0.004 -24"><span class='ocrx_word' id='word_1_124' title='bbox 313 2023 406 2106; x_wconf 90' lang='lat' dir='ltr'>quod</span> <span class='ocrx_word' id='word_1_125' title='bbox 435 2023 524 2088; x_wconf 88' lang='lat' dir='ltr'>fidei.</span> <span class='ocrx_word' id='word_1_126' title='bbox 569 2023 656 2090; x_wconf 91' lang='lat' dir='ltr'>Sunt</span> <span class='ocrx_word' id='word_1_127' title='bbox 686 2035 757 2089; x_wconf 86' lang='lat' dir='ltr'>tres</span> <span class='ocrx_word' id='word_1_128' title='bbox 787 2025 915 2108; x_wconf 88' lang='lat' dir='ltr'>gradus</span> <span class='ocrx_word' id='word_1_129' title='bbox 941 2026 1034 2090; x_wconf 86' lang='lat' dir='ltr'>vitae</span> <span class='ocrx_word' id='word_1_130' title='bbox 1061 2025 1151 2108; x_wconf 85' lang='lat' dir='ltr'>apud</span> <span class='ocrx_word' id='word_1_131' title='bbox 1174 2028 1437 2110; x_wconf 89' lang='lat' dir='ltr'>unumquemvis</span> 
     </span>
     <span class='ocr_line' id='line_1_16' title="bbox 314 2117 1436 2204; baseline 0.004 -22"><span class='ocrx_word' id='word_1_132' title='bbox 314 2117 492 2184; x_wconf 89' lang='lat' dir='ltr'>hominem</span> <span class='ocrx_word' id='word_1_133' title='bbox 514 2120 687 2202; x_wconf 89' lang='lat' dir='ltr'>(videatur</span> <span class='ocrx_word' id='word_1_134' title='bbox 706 2141 818 2202; x_wconf 83' lang='lat' dir='ltr'>supra,</span> <span class='ocrx_word' id='word_1_135' title='bbox 839 2141 871 2184; x_wconf 92' lang='lat' dir='ltr'>n.</span> <span class='ocrx_word' id='word_1_136' title='bbox 894 2119 995 2204; x_wconf 87' lang='lat'>267):</span> <span class='ocrx_word' id='word_1_137' title='bbox 1025 2117 1194 2184; x_wconf 88' lang='lat' dir='ltr'>rationale</span> <span class='ocrx_word' id='word_1_138' title='bbox 1217 2119 1262 2184; x_wconf 89' lang='lat' dir='ltr'>ad</span> <span class='ocrx_word' id='word_1_139' title='bbox 1291 2123 1436 2204; x_wconf 92' lang='lat' dir='ltr'>primum</span> 
     </span>
     <span class='ocr_line' id='line_1_17' title="bbox 313 2214 1435 2300; baseline 0.004 -23"><span class='ocrx_word' id='word_1_140' title='bbox 313 2214 458 2296; x_wconf 86' lang='lat' dir='ltr'>gradum</span> <span class='ocrx_word' id='word_1_141' title='bbox 482 2216 633 2298; x_wconf 90' lang='lat' dir='ltr'>aperitur</span> <span class='ocrx_word' id='word_1_142' title='bbox 656 2235 716 2296; x_wconf 89' lang='lat' dir='ltr'>per</span> <span class='ocrx_word' id='word_1_143' title='bbox 739 2235 821 2279; x_wconf 90' lang='lat' dir='ltr'>vera</span> <span class='ocrx_word' id='word_1_144' title='bbox 844 2215 977 2293; x_wconf 92' lang='lat' dir='ltr'>civilia;</span> <span class='ocrx_word' id='word_1_145' title='bbox 1011 2215 1056 2278; x_wconf 88' lang='lat' dir='ltr'>ad</span> <span class='ocrx_word' id='word_1_146' title='bbox 1082 2215 1269 2279; x_wconf 90' lang='lat' dir='ltr'>secundum</span> <span class='ocrx_word' id='word_1_147' title='bbox 1293 2217 1435 2300; x_wconf 88' lang='lat' dir='ltr'>gradum</span> 
     </span>
     <span class='ocr_line' id='line_1_18' title="bbox 313 2309 1435 2394; baseline 0.004 -23"><span class='ocrx_word' id='word_1_148' title='bbox 313 2329 375 2389; x_wconf 87' lang='lat' dir='ltr'>per</span> <span class='ocrx_word' id='word_1_149' title='bbox 388 2329 470 2374; x_wconf 88' lang='lat' dir='ltr'>vera</span> <span class='ocrx_word' id='word_1_150' title='bbox 486 2311 649 2388; x_wconf 88' lang='lat' dir='ltr'>moralia;</span> <span class='ocrx_word' id='word_1_151' title='bbox 672 2319 708 2374; x_wconf 89' lang='lat' dir='ltr'>et</span> <span class='ocrx_word' id='word_1_152' title='bbox 727 2309 771 2374; x_wconf 92' lang='lat' dir='ltr'>ad</span> <span class='ocrx_word' id='word_1_153' title='bbox 788 2311 928 2374; x_wconf 88' lang='lat' dir='ltr'>tertium</span> <span class='ocrx_word' id='word_1_154' title='bbox 943 2309 1089 2394; x_wconf 84' lang='lat' dir='ltr'>gradum</span> <span class='ocrx_word' id='word_1_155' title='bbox 1105 2329 1165 2392; x_wconf 90' lang='lat' dir='ltr'>per</span> <span class='ocrx_word' id='word_1_156' title='bbox 1180 2329 1262 2374; x_wconf 89' lang='lat' dir='ltr'>vera</span> <span class='ocrx_word' id='word_1_157' title='bbox 1277 2311 1435 2393; x_wconf 87' lang='lat' dir='ltr'>spiritua·</span> 
     </span>
     <span class='ocr_line' id='line_1_19' title="bbox 314 2403 1436 2488; baseline 0.003 -21"><span class='ocrx_word' id='word_1_158' title='bbox 314 2405 368 2468; x_wconf 89' lang='lat' dir='ltr'>lia.</span> <span class='ocrx_word' id='word_1_159' title='bbox 413 2403 465 2468; x_wconf 86' lang='lat' dir='ltr'>At</span> <span class='ocrx_word' id='word_1_160' title='bbox 490 2405 678 2480; x_wconf 90' lang='lat' dir='ltr'>sciendum,</span> <span class='ocrx_word' id='word_1_161' title='bbox 698 2405 790 2488; x_wconf 93' lang='lat' dir='ltr'>quod</span> <span class='ocrx_word' id='word_1_162' title='bbox 813 2405 983 2468; x_wconf 89' lang='lat' dir='ltr'>rationale</span> <span class='ocrx_word' id='word_1_163' title='bbox 1012 2425 1058 2467; x_wconf 88' lang='lat' dir='ltr'>ex</span> <span class='ocrx_word' id='word_1_164' title='bbox 1087 2403 1155 2468; x_wconf 90' lang='lat' dir='ltr'>illis</span> <span class='ocrx_word' id='word_1_165' title='bbox 1184 2424 1254 2469; x_wconf 92' lang='lat' dir='ltr'>non</span> <span class='ocrx_word' id='word_1_166' title='bbox 1272 2405 1436 2470; x_wconf 85' lang='lat' dir='ltr'>formetur</span> 
     </span>
     <span class='ocr_line' id='line_1_20' title="bbox 314 2497 1435 2586; baseline 0.003 -24"><span class='ocrx_word' id='word_1_167' title='bbox 314 2519 354 2562; x_wconf 89' lang='lat' dir='ltr'>ac</span> <span class='ocrx_word' id='word_1_168' title='bbox 373 2501 546 2582; x_wconf 86' lang='lat' dir='ltr'>aperiatur</span> <span class='ocrx_word' id='word_1_169' title='bbox 565 2520 625 2582; x_wconf 88' lang='lat' dir='ltr'>per</span> <span class='ocrx_word' id='word_1_170' title='bbox 643 2501 678 2564; x_wconf 96' lang='lat' dir='ltr'>id</span> <span class='ocrx_word' id='word_1_171' title='bbox 696 2499 788 2582; x_wconf 91' lang='lat' dir='ltr'>quod</span> <span class='ocrx_word' id='word_1_172' title='bbox 808 2499 913 2564; x_wconf 92' lang='lat' dir='ltr'>homo</span> <span class='ocrx_word' id='word_1_173' title='bbox 929 2499 1016 2564; x_wconf 91' lang='lat' dir='ltr'>sciat</span> <span class='ocrx_word' id='word_1_174' title='bbox 1035 2497 1106 2576; x_wconf 86' lang='lat' dir='ltr'>illa,</span> <span class='ocrx_word' id='word_1_175' title='bbox 1126 2499 1188 2564; x_wconf 90' lang='lat' dir='ltr'>sed</span> <span class='ocrx_word' id='word_1_176' title='bbox 1212 2521 1273 2584; x_wconf 89' lang='lat' dir='ltr'>per</span> <span class='ocrx_word' id='word_1_177' title='bbox 1290 2501 1324 2564; x_wconf 91' lang='lat' dir='ltr'>id</span> <span class='ocrx_word' id='word_1_178' title='bbox 1343 2501 1435 2586; x_wconf 92' lang='lat' dir='ltr'>quod</span> 
     </span>
     <span class='ocr_line' id='line_1_21' title="bbox 312 2594 1436 2680; baseline 0.004 -23"><span class='ocrx_word' id='word_1_179' title='bbox 312 2594 417 2658; x_wconf 92' lang='lat' dir='ltr'>homo</span> <span class='ocrx_word' id='word_1_180' title='bbox 440 2597 535 2659; x_wconf 91' lang='lat' dir='ltr'>vivat</span> <span class='ocrx_word' id='word_1_181' title='bbox 559 2595 746 2660; x_wconf 92' lang='lat' dir='ltr'>secundum</span> <span class='ocrx_word' id='word_1_182' title='bbox 770 2595 852 2673; x_wconf 90' lang='lat' dir='ltr'>illa;</span> <span class='ocrx_word' id='word_1_183' title='bbox 883 2605 920 2659; x_wconf 88' lang='lat' dir='ltr'>et</span> <span class='ocrx_word' id='word_1_184' title='bbox 943 2615 1004 2680; x_wconf 88' lang='lat' dir='ltr'>per</span> <span class='ocrx_word' id='word_1_185' title='bbox 1025 2597 1141 2660; x_wconf 89' lang='lat' dir='ltr'>vivere</span> <span class='ocrx_word' id='word_1_186' title='bbox 1164 2597 1352 2660; x_wconf 91' lang='lat' dir='ltr'>secundum</span> <span class='ocrx_word' id='word_1_187' title='bbox 1376 2597 1436 2662; x_wconf 91' lang='lat' dir='ltr'>illa</span> 
     </span>
     <span class='ocr_line' id='line_1_22' title="bbox 311 2687 1436 2772; baseline 0.004 -21"><span class='ocrx_word' id='word_1_188' title='bbox 311 2689 518 2772; x_wconf 85' lang='lat' dir='ltr'>intelligitur</span> <span class='ocrx_word' id='word_1_189' title='bbox 533 2710 647 2754; x_wconf 90' lang='lat' dir='ltr'>amare</span> <span class='ocrx_word' id='word_1_190' title='bbox 664 2689 724 2753; x_wconf 90' lang='lat' dir='ltr'>illa</span> <span class='ocrx_word' id='word_1_191' title='bbox 742 2712 787 2754; x_wconf 88' lang='lat' dir='ltr'>ex</span> <span class='ocrx_word' id='word_1_192' title='bbox 806 2687 985 2754; x_wconf 70' lang='lat' dir='ltr'>affectione</span> <span class='ocrx_word' id='word_1_193' title='bbox 1001 2689 1178 2772; x_wconf 86' lang='lat' dir='ltr'>spirituali,</span> <span class='ocrx_word' id='word_1_194' title='bbox 1196 2699 1231 2754; x_wconf 89' lang='lat' dir='ltr'>et</span> <span class='ocrx_word' id='word_1_195' title='bbox 1246 2711 1361 2757; x_wconf 90' lang='lat' dir='ltr'>amare</span> <span class='ocrx_word' id='word_1_196' title='bbox 1377 2691 1436 2756; x_wconf 91' lang='lat' dir='ltr'>illa</span> 
     </span>
     <span class='ocr_line' id='line_1_23' title="bbox 312 2781 1435 2868; baseline 0.003 -22"><span class='ocrx_word' id='word_1_197' title='bbox 312 2802 357 2846; x_wconf 89' lang='lat' dir='ltr'>ex</span> <span class='ocrx_word' id='word_1_198' title='bbox 379 2781 560 2847; x_wconf 73' lang='lat' dir='ltr'>affefflone</span> <span class='ocrx_word' id='word_1_199' title='bbox 579 2783 749 2867; x_wconf 88' lang='lat' dir='ltr'>spirituali</span> <span class='ocrx_word' id='word_1_200' title='bbox 772 2794 825 2847; x_wconf 90' lang='lat' dir='ltr'>est</span> <span class='ocrx_word' id='word_1_201' title='bbox 848 2803 964 2848; x_wconf 88' lang='lat' dir='ltr'>amare</span> <span class='ocrx_word' id='word_1_202' title='bbox 979 2783 1109 2866; x_wconf 90' lang='lat' dir='ltr'>justum</span> <span class='ocrx_word' id='word_1_203' title='bbox 1133 2793 1169 2848; x_wconf 90' lang='lat' dir='ltr'>et</span> <span class='ocrx_word' id='word_1_204' title='bbox 1192 2804 1337 2867; x_wconf 89' lang='lat' dir='ltr'>aequum</span> <span class='ocrx_word' id='word_1_205' title='bbox 1357 2787 1435 2868; x_wconf 87' lang='lat' dir='ltr'>quia</span> 
     </span>
     <span class='ocr_line' id='line_1_24' title="bbox 311 2873 1433 2960; baseline 0.004 -22"><span class='ocrx_word' id='word_1_206' title='bbox 311 2885 365 2939; x_wconf 87' lang='lat' dir='ltr'>est</span> <span class='ocrx_word' id='word_1_207' title='bbox 384 2873 513 2957; x_wconf 90' lang='lat' dir='ltr'>justum</span> <span class='ocrx_word' id='word_1_208' title='bbox 536 2887 572 2940; x_wconf 92' lang='lat' dir='ltr'>et</span> <span class='ocrx_word' id='word_1_209' title='bbox 596 2896 752 2959; x_wconf 85' lang='lat' dir='ltr'>aequum,</span> <span class='ocrx_word' id='word_1_210' title='bbox 776 2878 945 2940; x_wconf 90' lang='lat' dir='ltr'>sincerum</span> <span class='ocrx_word' id='word_1_211' title='bbox 968 2887 1004 2941; x_wconf 90' lang='lat' dir='ltr'>et</span> <span class='ocrx_word' id='word_1_212' title='bbox 1028 2874 1158 2940; x_wconf 67' lang='lat' dir='ltr'>reitum</span> <span class='ocrx_word' id='word_1_213' title='bbox 1182 2879 1260 2960; x_wconf 90' lang='lat' dir='ltr'>quia</span> <span class='ocrx_word' id='word_1_214' title='bbox 1283 2888 1338 2942; x_wconf 90' lang='lat' dir='ltr'>est</span> <span class='ocrx_word' id='word_1_215' title='bbox 1363 2881 1433 2942; x_wconf 89' lang='lat' dir='ltr'>sin·</span> 
     </span>
     <span class='ocr_line' id='line_1_25' title="bbox 311 2968 1433 3055; baseline 0.002 -21"><span class='ocrx_word' id='word_1_216' title='bbox 311 2990 427 3034; x_wconf 90' lang='lat' dir='ltr'>cerum</span> <span class='ocrx_word' id='word_1_217' title='bbox 457 2981 493 3035; x_wconf 90' lang='lat' dir='ltr'>et</span> <span class='ocrx_word' id='word_1_218' title='bbox 524 2968 665 3046; x_wconf 67' lang='lat' dir='ltr'>fcitum,</span> <span class='ocrx_word' id='word_1_219' title='bbox 693 2991 732 3034; x_wconf 90' lang='lat' dir='ltr'>ac</span> <span class='ocrx_word' id='word_1_220' title='bbox 760 2971 888 3034; x_wconf 90' lang='lat' dir='ltr'>bonum</span> <span class='ocrx_word' id='word_1_221' title='bbox 915 2980 952 3036; x_wconf 88' lang='lat' dir='ltr'>et</span> <span class='ocrx_word' id='word_1_222' title='bbox 978 2991 1096 3036; x_wconf 88' lang='lat' dir='ltr'>verum</span> <span class='ocrx_word' id='word_1_223' title='bbox 1124 2972 1202 3055; x_wconf 90' lang='lat' dir='ltr'>quia</span> <span class='ocrx_word' id='word_1_224' title='bbox 1228 2981 1281 3036; x_wconf 89' lang='lat' dir='ltr'>est</span> <span class='ocrx_word' id='word_1_225' title='bbox 1307 2973 1433 3036; x_wconf 91' lang='lat' dir='ltr'>bonum</span> 
     </span>
     <span class='ocr_line' id='line_1_26' title="bbox 311 3065 1433 3144; baseline 0.002 -14"><span class='ocrx_word' id='word_1_226' title='bbox 311 3075 346 3130; x_wconf 90' lang='lat' dir='ltr'>et</span> <span class='ocrx_word' id='word_1_227' title='bbox 360 3087 499 3144; x_wconf 87' lang='lat' dir='ltr'>verum;</span> <span class='ocrx_word' id='word_1_228' title='bbox 520 3077 555 3130; x_wconf 92' lang='lat' dir='ltr'>at</span> <span class='ocrx_word' id='word_1_229' title='bbox 568 3067 682 3130; x_wconf 89' lang='lat' dir='ltr'>vivere</span> <span class='ocrx_word' id='word_1_230' title='bbox 693 3067 880 3130; x_wconf 90' lang='lat' dir='ltr'>secundum</span> <span class='ocrx_word' id='word_1_231' title='bbox 893 3065 952 3130; x_wconf 96' lang='lat' dir='ltr'>illa</span> <span class='ocrx_word' id='word_1_232' title='bbox 964 3075 1000 3130; x_wconf 89' lang='lat' dir='ltr'>et</span> <span class='ocrx_word' id='word_1_233' title='bbox 1017 3086 1132 3130; x_wconf 90' lang='lat' dir='ltr'>amare</span> <span class='ocrx_word' id='word_1_234' title='bbox 1148 3066 1208 3130; x_wconf 90' lang='lat' dir='ltr'>illa</span> <span class='ocrx_word' id='word_1_235' title='bbox 1220 3087 1265 3130; x_wconf 85' lang='lat' dir='ltr'>ex</span> <span class='ocrx_word' id='word_1_236' title='bbox 1282 3065 1433 3132; x_wconf 62' lang='lat' dir='ltr'>affefiiio·</span> 
     </span>
     <span class='ocr_line' id='line_1_27' title="bbox 312 3161 1433 3244; baseline 0.002 -20"><span class='ocrx_word' id='word_1_237' title='bbox 312 3182 355 3226; x_wconf 89' lang='lat' dir='ltr'>ne</span> <span class='ocrx_word' id='word_1_238' title='bbox 370 3181 546 3244; x_wconf 89' lang='lat' dir='ltr'>corporea,</span> <span class='ocrx_word' id='word_1_239' title='bbox 560 3171 614 3226; x_wconf 89' lang='lat' dir='ltr'>est</span> <span class='ocrx_word' id='word_1_240' title='bbox 631 3181 746 3225; x_wconf 90' lang='lat' dir='ltr'>amare</span> <span class='ocrx_word' id='word_1_241' title='bbox 762 3161 821 3224; x_wconf 92' lang='lat' dir='ltr'>illa</span> <span class='ocrx_word' id='word_1_242' title='bbox 833 3171 976 3244; x_wconf 90' lang='lat' dir='ltr'>propter</span> <span class='ocrx_word' id='word_1_243' title='bbox 990 3181 1039 3238; x_wconf 84' lang='lat' dir='ltr'>se,</span> <span class='ocrx_word' id='word_1_244' title='bbox 1053 3163 1103 3224; x_wconf 89' lang='lat' dir='ltr'>sui</span> <span class='ocrx_word' id='word_1_245' title='bbox 1114 3161 1252 3237; x_wconf 84' lang='lat' dir='ltr'>lamam,</span> <span class='ocrx_word' id='word_1_246' title='bbox 1265 3161 1433 3226; x_wconf 89' lang='lat' dir='ltr'>honorem</span> 
     </span>
     <span class='ocr_line' id='line_1_28' title="bbox 310 3253 1511 3340; baseline 0.001 -20"><span class='ocrx_word' id='word_1_247' title='bbox 310 3267 369 3320; x_wconf 89' lang='lat' dir='ltr'>aut</span> <span class='ocrx_word' id='word_1_248' title='bbox 380 3255 531 3320; x_wconf 91' lang='lat' dir='ltr'>lucrum:</span> <span class='ocrx_word' id='word_1_249' title='bbox 552 3267 762 3340; x_wconf 89' lang='lat' dir='ltr'>quapropter</span> <span class='ocrx_word' id='word_1_250' title='bbox 772 3266 937 3340; x_wconf 92' lang='lat' dir='ltr'>quantum</span> <span class='ocrx_word' id='word_1_251' title='bbox 948 3256 1053 3320; x_wconf 93' lang='lat' dir='ltr'>homo</span> <span class='ocrx_word' id='word_1_252' title='bbox 1064 3277 1110 3320; x_wconf 88' lang='lat' dir='ltr'>ex</span> <span class='ocrx_word' id='word_1_253' title='bbox 1120 3253 1299 3320; x_wconf 63' lang='lat' dir='ltr'>affeciione</span> <span class='ocrx_word' id='word_1_254' title='bbox 1309 3277 1432 3340; x_wconf 88' lang='lat' dir='ltr'>corpo·</span> <span class='ocrx_word' id='word_1_255' title='bbox 1509 3331 1511 3334; x_wconf 17' lang='lat'>¹</span> 
     </span>
     <span class='ocr_line' id='line_1_29' title="bbox 310 3349 1433 3428; baseline 0.001 -13"><span class='ocrx_word' id='word_1_256' title='bbox 310 3371 368 3415; x_wconf 90' lang='lat' dir='ltr'>rea</span> <span class='ocrx_word' id='word_1_257' title='bbox 380 3361 475 3416; x_wconf 90' lang='lat' dir='ltr'>amat</span> <span class='ocrx_word' id='word_1_258' title='bbox 488 3350 548 3414; x_wconf 88' lang='lat' dir='ltr'>illa</span> <span class='ocrx_word' id='word_1_259' title='bbox 560 3372 650 3426; x_wconf 91' lang='lat' dir='ltr'>vera,</span> <span class='ocrx_word' id='word_1_260' title='bbox 664 3359 799 3415; x_wconf 89' lang='lat' dir='ltr'>tantum</span> <span class='ocrx_word' id='word_1_261' title='bbox 817 3371 885 3414; x_wconf 93' lang='lat' dir='ltr'>non</span> <span class='ocrx_word' id='word_1_262' title='bbox 899 3350 1075 3414; x_wconf 87' lang='lat' dir='ltr'>rationalis</span> <span class='ocrx_word' id='word_1_263' title='bbox 1090 3349 1140 3428; x_wconf 83' lang='lat' dir='ltr'>fit,</span> <span class='ocrx_word' id='word_1_264' title='bbox 1155 3371 1223 3414; x_wconf 93' lang='lat' dir='ltr'>non</span> <span class='ocrx_word' id='word_1_265' title='bbox 1237 3351 1327 3415; x_wconf 90' lang='lat' dir='ltr'>enim</span> <span class='ocrx_word' id='word_1_266' title='bbox 1340 3361 1433 3416; x_wconf 89' lang='lat' dir='ltr'>amat</span> 
     </span>
     <span class='ocr_line' id='line_1_30' title="bbox 309 3443 1431 3524; baseline 0.003 -15"><span class='ocrx_word' id='word_1_267' title='bbox 309 3445 379 3522; x_wconf 85' lang='lat' dir='ltr'>illa,</span> <span class='ocrx_word' id='word_1_268' title='bbox 400 3447 460 3510; x_wconf 91' lang='lat' dir='ltr'>sed</span> <span class='ocrx_word' id='word_1_269' title='bbox 480 3455 602 3522; x_wconf 89' lang='lat' dir='ltr'>semet,</span> <span class='ocrx_word' id='word_1_270' title='bbox 620 3447 673 3510; x_wconf 90' lang='lat' dir='ltr'>cui</span> <span class='ocrx_word' id='word_1_271' title='bbox 695 3466 777 3510; x_wconf 90' lang='lat' dir='ltr'>vera</span> <span class='ocrx_word' id='word_1_272' title='bbox 795 3447 948 3509; x_wconf 89' lang='lat' dir='ltr'>serviunt</span> <span class='ocrx_word' id='word_1_273' title='bbox 968 3446 1055 3509; x_wconf 90' lang='lat' dir='ltr'>sicut</span> <span class='ocrx_word' id='word_1_274' title='bbox 1073 3443 1190 3509; x_wconf 80' lang='lat' dir='ltr'>famuli</span> <span class='ocrx_word' id='word_1_275' title='bbox 1209 3445 1371 3524; x_wconf 89' lang='lat' dir='ltr'>domino;</span> <span class='ocrx_word' id='word_1_276' title='bbox 1395 3455 1431 3512; x_wconf 88' lang='lat' dir='ltr'>et</span> 
     </span>
     <span class='ocr_line' id='line_1_31' title="bbox 309 3541 1431 3626; baseline -0.001 -20"><span class='ocrx_word' id='word_1_277' title='bbox 309 3561 387 3606; x_wconf 92' lang='lat' dir='ltr'>cum</span> <span class='ocrx_word' id='word_1_278' title='bbox 403 3562 484 3605; x_wconf 90' lang='lat' dir='ltr'>vera</span> <span class='ocrx_word' id='word_1_279' title='bbox 500 3541 586 3606; x_wconf 87' lang='lat' dir='ltr'>fiunt</span> <span class='ocrx_word' id='word_1_280' title='bbox 599 3543 750 3617; x_wconf 88' lang='lat' dir='ltr'>servitia,</span> <span class='ocrx_word' id='word_1_281' title='bbox 764 3550 846 3605; x_wconf 90' lang='lat' dir='ltr'>tunc</span> <span class='ocrx_word' id='word_1_282' title='bbox 864 3560 933 3604; x_wconf 90' lang='lat' dir='ltr'>non</span> <span class='ocrx_word' id='word_1_283' title='bbox 945 3541 1077 3605; x_wconf 91' lang='lat' dir='ltr'>intrant</span> <span class='ocrx_word' id='word_1_284' title='bbox 1093 3541 1279 3617; x_wconf 88' lang='lat' dir='ltr'>hominem,</span> <span class='ocrx_word' id='word_1_285' title='bbox 1293 3559 1333 3605; x_wconf 87' lang='lat' dir='ltr'>ac</span> <span class='ocrx_word' id='word_1_286' title='bbox 1349 3561 1431 3626; x_wconf 88' lang='lat' dir='ltr'>ape·</span> 
     </span>
     <span class='ocr_line' id='line_1_32' title="bbox 308 3635 1431 3720; baseline -0.002 -17"><span class='ocrx_word' id='word_1_287' title='bbox 308 3637 400 3704; x_wconf 90' lang='lat' dir='ltr'>riunt</span> <span class='ocrx_word' id='word_1_288' title='bbox 419 3637 568 3720; x_wconf 90' lang='lat' dir='ltr'>aliquem</span> <span class='ocrx_word' id='word_1_289' title='bbox 587 3638 730 3720; x_wconf 90' lang='lat' dir='ltr'>gradum</span> <span class='ocrx_word' id='word_1_290' title='bbox 753 3637 845 3700; x_wconf 92' lang='lat' dir='ltr'>vitae</span> <span class='ocrx_word' id='word_1_291' title='bbox 868 3635 949 3718; x_wconf 85' lang='lat' dir='ltr'>ejus,</span> <span class='ocrx_word' id='word_1_292' title='bbox 971 3655 1014 3699; x_wconf 88' lang='lat' dir='ltr'>ne</span> <span class='ocrx_word' id='word_1_293' title='bbox 1037 3635 1174 3718; x_wconf 90' lang='lat' dir='ltr'>quidem</span> <span class='ocrx_word' id='word_1_294' title='bbox 1193 3637 1349 3718; x_wconf 85' lang='lat' dir='ltr'>primum,</span> <span class='ocrx_word' id='word_1_295' title='bbox 1369 3637 1431 3701; x_wconf 88' lang='lat' dir='ltr'>sed</span> 
     </span>
     <span class='ocr_line' id='line_1_33' title="bbox 310 3728 1429 3804; baseline -0.001 -10"><span class='ocrx_word' id='word_1_296' title='bbox 310 3731 414 3794; x_wconf 93' lang='lat' dir='ltr'>modo</span> <span class='ocrx_word' id='word_1_297' title='bbox 430 3731 582 3794; x_wconf 90' lang='lat' dir='ltr'>resident</span> <span class='ocrx_word' id='word_1_298' title='bbox 601 3731 634 3793; x_wconf 93' lang='lat' dir='ltr'>in</span> <span class='ocrx_word' id='word_1_299' title='bbox 654 3731 828 3804; x_wconf 88' lang='lat' dir='ltr'>memoria,</span> <span class='ocrx_word' id='word_1_300' title='bbox 847 3741 884 3793; x_wconf 91' lang='lat' dir='ltr'>ut</span> <span class='ocrx_word' id='word_1_301' title='bbox 904 3728 1093 3793; x_wconf 88' lang='lat' dir='ltr'>scientifica</span> <span class='ocrx_word' id='word_1_302' title='bbox 1112 3729 1175 3792; x_wconf 90' lang='lat' dir='ltr'>sub</span> <span class='ocrx_word' id='word_1_303' title='bbox 1192 3729 1302 3792; x_wconf 78' lang='lat' dir='ltr'>forma</span> <span class='ocrx_word' id='word_1_304' title='bbox 1318 3739 1429 3794; x_wconf 90' lang='lat' dir='ltr'>mate-</span> 
     </span>
     <span class='ocr_line' id='line_1_34' title="bbox 309 3823 1431 3906; baseline 0 -18"><span class='ocrx_word' id='word_1_305' title='bbox 309 3823 394 3900; x_wconf 82' lang='lat' dir='ltr'>riali,</span> <span class='ocrx_word' id='word_1_306' title='bbox 418 3845 459 3888; x_wconf 90' lang='lat' dir='ltr'>ac</span> <span class='ocrx_word' id='word_1_307' title='bbox 483 3825 528 3888; x_wconf 93' lang='lat' dir='ltr'>ibi</span> <span class='ocrx_word' id='word_1_308' title='bbox 551 3845 587 3888; x_wconf 90' lang='lat' dir='ltr'>se</span> <span class='ocrx_word' id='word_1_309' title='bbox 611 3824 822 3906; x_wconf 87' lang='lat' dir='ltr'>conjungunt</span> <span class='ocrx_word' id='word_1_310' title='bbox 846 3843 923 3887; x_wconf 90' lang='lat' dir='ltr'>cum</span> <span class='ocrx_word' id='word_1_311' title='bbox 947 3843 1064 3887; x_wconf 89' lang='lat' dir='ltr'>amore</span> <span class='ocrx_word' id='word_1_312' title='bbox 1087 3824 1149 3897; x_wconf 86' lang='lat' dir='ltr'>sui,</span> <span class='ocrx_word' id='word_1_313' title='bbox 1172 3823 1228 3906; x_wconf 91' lang='lat' dir='ltr'>qui</span> <span class='ocrx_word' id='word_1_314' title='bbox 1257 3833 1310 3887; x_wconf 89' lang='lat' dir='ltr'>est</span> <span class='ocrx_word' id='word_1_315' title='bbox 1334 3843 1431 3888; x_wconf 86' lang='lat' dir='ltr'>amor</span> 
     </span>
     <span class='ocr_line' id='line_1_35' title="bbox 309 3917 1429 4002; baseline -0.001 -19"><span class='ocrx_word' id='word_1_316' title='bbox 309 3939 504 4002; x_wconf 90' lang='lat' dir='ltr'>corporeus.</span> <span class='ocrx_word' id='word_1_317' title='bbox 551 3919 607 3983; x_wconf 86' lang='lat' dir='ltr'>Ex</span> <span class='ocrx_word' id='word_1_318' title='bbox 637 3920 690 3982; x_wconf 88' lang='lat' dir='ltr'>his</span> <span class='ocrx_word' id='word_1_319' title='bbox 717 3928 878 3982; x_wconf 88' lang='lat' dir='ltr'>constare</span> <span class='ocrx_word' id='word_1_320' title='bbox 902 3928 1032 4000; x_wconf 88' lang='lat' dir='ltr'>potest,</span> <span class='ocrx_word' id='word_1_321' title='bbox 1055 3919 1230 4000; x_wconf 89' lang='lat' dir='ltr'>quomodo</span> <span class='ocrx_word' id='word_1_322' title='bbox 1255 3917 1361 3982; x_wconf 91' lang='lat' dir='ltr'>homo</span> <span class='ocrx_word' id='word_1_323' title='bbox 1390 3917 1429 3982; x_wconf 85' lang='lat' dir='ltr'>fit</span> 
     </span>
     <span class='ocr_line' id='line_1_36' title="bbox 309 4013 1429 4098; baseline -0.001 -19"><span class='ocrx_word' id='word_1_324' title='bbox 309 4015 509 4094; x_wconf 80' lang='lat' dir='ltr'>rationalis3</span> <span class='ocrx_word' id='word_1_325' title='bbox 540 4015 631 4098; x_wconf 89' lang='lat' dir='ltr'>quod</span> <span class='ocrx_word' id='word_1_326' title='bbox 651 4033 775 4097; x_wconf 88' lang='lat' dir='ltr'>nempe</span> <span class='ocrx_word' id='word_1_327' title='bbox 798 4013 842 4077; x_wconf 93' lang='lat' dir='ltr'>ad</span> <span class='ocrx_word' id='word_1_328' title='bbox 866 4015 1005 4077; x_wconf 90' lang='lat' dir='ltr'>tertium</span> <span class='ocrx_word' id='word_1_329' title='bbox 1025 4015 1169 4095; x_wconf 85' lang='lat' dir='ltr'>gradum</span> <span class='ocrx_word' id='word_1_330' title='bbox 1194 4033 1254 4095; x_wconf 89' lang='lat' dir='ltr'>per</span> <span class='ocrx_word' id='word_1_331' title='bbox 1276 4033 1429 4078; x_wconf 87' lang='lat' dir='ltr'>amorem</span> 
     </span>
     <span class='ocr_line' id='line_1_37' title="bbox 308 4107 1428 4194; baseline -0.001 -21"><span class='ocrx_word' id='word_1_332' title='bbox 308 4109 520 4194; x_wconf 89' lang='lat' dir='ltr'>spiritualem</span> <span class='ocrx_word' id='word_1_333' title='bbox 540 4109 621 4173; x_wconf 92' lang='lat' dir='ltr'>boni</span> <span class='ocrx_word' id='word_1_334' title='bbox 644 4119 680 4172; x_wconf 88' lang='lat' dir='ltr'>et</span> <span class='ocrx_word' id='word_1_335' title='bbox 703 4110 784 4184; x_wconf 88' lang='lat' dir='ltr'>veri,</span> <span class='ocrx_word' id='word_1_336' title='bbox 805 4128 893 4191; x_wconf 88' lang='lat' dir='ltr'>quae</span> <span class='ocrx_word' id='word_1_337' title='bbox 912 4119 992 4172; x_wconf 87' lang='lat' dir='ltr'>sunt</span> <span class='ocrx_word' id='word_1_338' title='bbox 1011 4107 1098 4171; x_wconf 89' lang='lat' dir='ltr'>caeli</span> <span class='ocrx_word' id='word_1_339' title='bbox 1117 4117 1153 4172; x_wconf 92' lang='lat' dir='ltr'>et</span> <span class='ocrx_word' id='word_1_340' title='bbox 1173 4108 1361 4186; x_wconf 54' lang='lat' dir='ltr'>ecclesian</span> <span class='ocrx_word' id='word_1_341' title='bbox 1385 4109 1428 4172; x_wconf 91' lang='lat' dir='ltr'>ad</span> 
     </span>
     <span class='ocr_line' id='line_1_38' title="bbox 308 4199 1429 4288; baseline 0 -20"><span class='ocrx_word' id='word_1_342' title='bbox 308 4206 496 4269; x_wconf 90' lang='lat' dir='ltr'>secundum</span> <span class='ocrx_word' id='word_1_343' title='bbox 510 4205 653 4288; x_wconf 89' lang='lat' dir='ltr'>gradum</span> <span class='ocrx_word' id='word_1_344' title='bbox 671 4225 731 4287; x_wconf 90' lang='lat' dir='ltr'>per</span> <span class='ocrx_word' id='word_1_345' title='bbox 740 4221 892 4267; x_wconf 89' lang='lat' dir='ltr'>amorem</span> <span class='ocrx_word' id='word_1_346' title='bbox 905 4204 1028 4267; x_wconf 89' lang='lat' dir='ltr'>sinceri</span> <span class='ocrx_word' id='word_1_347' title='bbox 1042 4213 1079 4266; x_wconf 92' lang='lat' dir='ltr'>et</span> <span class='ocrx_word' id='word_1_348' title='bbox 1096 4199 1201 4282; x_wconf 53' lang='grc' dir='ltr'>γεεῖη</span> <span class='ocrx_word' id='word_1_349' title='bbox 1225 4213 1261 4266; x_wconf 89' lang='lat' dir='ltr'>et</span> <span class='ocrx_word' id='word_1_350' title='bbox 1278 4203 1369 4286; x_wconf 92' lang='lat' dir='ltr'>quod</span> <span class='ocrx_word' id='word_1_351' title='bbox 1385 4203 1429 4268; x_wconf 80' lang='lat' dir='ltr'>ad</span> 
     </span>
     <span class='ocr_line' id='line_1_39' title="bbox 308 4297 1428 4383; baseline -0.001 -20"><span class='ocrx_word' id='word_1_352' title='bbox 308 4301 453 4383; x_wconf 91' lang='lat' dir='ltr'>primum</span> <span class='ocrx_word' id='word_1_353' title='bbox 470 4299 613 4382; x_wconf 86' lang='lat' dir='ltr'>gradum</span> <span class='ocrx_word' id='word_1_354' title='bbox 630 4319 689 4382; x_wconf 90' lang='lat' dir='ltr'>per</span> <span class='ocrx_word' id='word_1_355' title='bbox 705 4317 856 4362; x_wconf 90' lang='lat' dir='ltr'>amorem</span> <span class='ocrx_word' id='word_1_356' title='bbox 869 4297 952 4380; x_wconf 90' lang='lat' dir='ltr'>justi</span> <span class='ocrx_word' id='word_1_357' title='bbox 971 4307 1007 4363; x_wconf 90' lang='lat' dir='ltr'>et</span> <span class='ocrx_word' id='word_1_358' title='bbox 1026 4299 1148 4380; x_wconf 82' lang='lat' dir='ltr'>aequi;</span> <span class='ocrx_word' id='word_1_359' title='bbox 1172 4299 1228 4381; x_wconf 90' lang='lat' dir='ltr'>qui</span> <span class='ocrx_word' id='word_1_360' title='bbox 1247 4297 1317 4361; x_wconf 91' lang='lat' dir='ltr'>bini</span> <span class='ocrx_word' id='word_1_361' title='bbox 1333 4317 1428 4362; x_wconf 77' lang='lat' dir='ltr'>amo-</span> 
     </span>
     <span class='ocr_line' id='line_1_40' title="bbox 307 4392 1428 4477; baseline 0 -19"><span class='ocrx_word' id='word_1_362' title='bbox 307 4415 362 4458; x_wconf 88' lang='lat' dir='ltr'>res</span> <span class='ocrx_word' id='word_1_363' title='bbox 378 4396 484 4458; x_wconf 89' lang='lat' dir='ltr'>etiam</span> <span class='ocrx_word' id='word_1_364' title='bbox 500 4392 585 4458; x_wconf 86' lang='lat' dir='ltr'>fiunt</span> <span class='ocrx_word' id='word_1_365' title='bbox 602 4392 797 4477; x_wconf 86' lang='lat' dir='ltr'>spirituales</span> <span class='ocrx_word' id='word_1_366' title='bbox 813 4413 859 4456; x_wconf 85' lang='lat' dir='ltr'>ex</span> <span class='ocrx_word' id='word_1_367' title='bbox 877 4411 993 4457; x_wconf 90' lang='lat' dir='ltr'>amore</span> <span class='ocrx_word' id='word_1_368' title='bbox 1009 4393 1175 4475; x_wconf 87' lang='lat' dir='ltr'>spirituali</span> <span class='ocrx_word' id='word_1_369' title='bbox 1191 4393 1272 4456; x_wconf 90' lang='lat' dir='ltr'>boni</span> <span class='ocrx_word' id='word_1_370' title='bbox 1291 4401 1327 4457; x_wconf 92' lang='lat' dir='ltr'>et</span> <span class='ocrx_word' id='word_1_371' title='bbox 1346 4393 1428 4468; x_wconf 80' lang='lat' dir='ltr'>veri.</span> 
     </span>
     <span class='ocr_line' id='line_1_41' title="bbox 307 4487 1427 4574; baseline -0.003 -19"><span class='ocrx_word' id='word_1_372' title='bbox 307 4493 386 4574; x_wconf 90' lang='lat' dir='ltr'>quia</span> <span class='ocrx_word' id='word_1_373' title='bbox 404 4491 460 4554; x_wconf 90' lang='lat' dir='ltr'>hic</span> <span class='ocrx_word' id='word_1_374' title='bbox 483 4489 591 4554; x_wconf 85' lang='lat' dir='ltr'>influit</span> <span class='ocrx_word' id='word_1_375' title='bbox 615 4491 648 4553; x_wconf 92' lang='lat' dir='ltr'>in</span> <span class='ocrx_word' id='word_1_376' title='bbox 672 4489 762 4565; x_wconf 88' lang='lat' dir='ltr'>illos,</span> <span class='ocrx_word' id='word_1_377' title='bbox 781 4497 817 4552; x_wconf 91' lang='lat' dir='ltr'>et</span> <span class='ocrx_word' id='word_1_378' title='bbox 847 4509 883 4552; x_wconf 88' lang='lat' dir='ltr'>se</span> <span class='ocrx_word' id='word_1_379' title='bbox 906 4487 1085 4571; x_wconf 84' lang='lat' dir='ltr'>conjungit</span> <span class='ocrx_word' id='word_1_380' title='bbox 1107 4489 1168 4564; x_wconf 84' lang='lat' dir='ltr'>eis,</span> <span class='ocrx_word' id='word_1_381' title='bbox 1188 4497 1224 4552; x_wconf 91' lang='lat' dir='ltr'>et</span> <span class='ocrx_word' id='word_1_382' title='bbox 1247 4487 1371 4554; x_wconf 80' lang='lat' dir='ltr'>format</span> <span class='ocrx_word' id='word_1_383' title='bbox 1394 4489 1427 4552; x_wconf 82' lang='lat' dir='ltr'>in</span> 
     </span>
     <span class='ocr_line' id='line_1_42' title="bbox 307 4585 685 4651; baseline -0.003 -1"><span class='ocrx_word' id='word_1_384' title='bbox 307 4589 347 4650; x_wconf 84' lang='lat' dir='ltr'>iis</span> <span class='ocrx_word' id='word_1_385' title='bbox 369 4589 458 4651; x_wconf 87' lang='lat' dir='ltr'>sicut</span> <span class='ocrx_word' id='word_1_386' title='bbox 475 4605 553 4650; x_wconf 83' lang='lat' dir='ltr'>suas</span> <span class='ocrx_word' id='word_1_387' title='bbox 572 4585 685 4650; x_wconf 83' lang='lat' dir='ltr'>iacies.</span> 
     </span>
    </p>
   </div>
   <div class='ocr_carea' id='block_1_3' title="bbox 0 0 1708 5358">
    <p class='ocr_par' dir='ltr' id='par_1_4' title="bbox 0 0 1708 5358">
     <span class='ocr_line' id='line_1_43' title="bbox 0 0 1708 5358; baseline 0 4"><span class='ocrx_word' id='word_1_388' title='bbox 0 0 1708 5358; x_wconf 95' lang='lat' dir='ltr'> </span> 
     </span>
    </p>
   </div>
  </div>
 </body>
</html>
