3350 5366
256 642 1290 712 Qut11u1nrnnrt1ssuut,1uututrsurmnapntnssunr.
1311 641 1369 722 3⁶1

255 815 441 883 secundum
457 815 557 899 quale
573 819 698 894 amotio
717 826 753 884 et
772 815 850 884 fidei
866 819 955 902 apud
975 818 1115 887 inosti>
1160 821 1246 894 inde
1260 833 1373 910 patet,

255 911 345 992 quod
375 929 472 982 autor
500 914 648 994 proximi
678 913 845 979 inchoans
877 915 921 981 ab
954 915 1092 980 homine
1119 917 1164 980 sit
1194 919 1376 1004 oppositus

254 1005 361 1077 amori
377 1025 460 1102 erga
475 1010 670 1090 proximum
684 1009 742 1090 qui
757 1009 899 1077 inchoat
917 1030 937 1075 a
957 1009 1107 1079 Domino
1122 1032 1129 1090 ;
1154 1021 1189 1084 et
1206 1014 1296 1096 quod
1313 1013 1373 1082 ille

254 1101 421 1182 procedat
439 1123 460 1167 a.
479 1103 581 1179 malo,
601 1105 718 1186 quiaa
740 1106 878 1187 proprio
897 1105 1065 1184 hominis;
1089 1117 1126 1172 at
1144 1107 1199 1172 hic
1223 1129 1243 1174 a
1266 1107 1370 1186 bono,

254 1198 333 1280 quia
368 1217 389 1260 a
417 1197 580 1274 Domino,
608 1200 687 1278 quia
713 1209 767 1264 est
797 1201 908 1282 ipsunt
939 1199 1082 1267 Bonum.
1128 1201 1228 1266 Patet
1255 1204 1373 1278 etiam,

254 1291 345 1373 quod
364 1311 460 1360 antor
479 1294 638 1374 proximi,
656 1295 712 1376 qui
731 1295 775 1358 ab
793 1293 933 1360 homine
953 1305 989 1362 et
1008 1295 1079 1378 ejus
1096 1297 1232 1382 proprio
1252 1317 1373 1380 proce·

254 1385 316 1462 dit,
333 1387 379 1452 sit
399 1406 583 1470 corporeus
594 1409 602 1466 ;
626 1397 664 1462 at
682 1407 777 1464 amor
799 1409 882 1470 erga
898 1391 1093 1472 proximum
1110 1391 1165 1474 qui
1182 1411 1203 1454 a
1222 1391 1370 1458 Domino
1460 1453 1463 1458 .

253 1482 422 1564 procedit,
442 1483 487 1546 sit
506 1482 678 1551 caelestis.
723 1483 851 1558 Verbo,
869 1503 965 1548 amor
984 1485 1033 1549 sui
1051 1485 1134 1551 facit
1154 1486 1243 1570 apud
1262 1487 1373 1552 homi·

254 1596 343 1652 nem,
360 1578 394 1642 in
413 1598 482 1660 quo
496 1588 563 1652 est,
579 1588 684 1660 caput
699 1599 707 1656 3
731 1588 767 1642 et
783 1598 879 1642 amor
895 1579 1056 1642 caelestis
1071 1580 1153 1644 iacit
1169 1580 1258 1664 apud
1278 1579 1373 1644 illum

254 1673 446 1754 portentui
475 1674 615 1748 insistit,
639 1683 676 1743 et
705 1674 733 1741 si
763 1693 833 1738 non
863 1674 969 1740 servit
999 1675 1075 1748 sibi,
1100 1694 1200 1758 quem
1231 1676 1374 1758 pedibus

253 1765 443 1846 proculcat.
489 1767 575 1832 Inde
603 1777 670 1845 est,
694 1769 786 1852 quod
814 1769 871 1851 qui
904 1769 937 1832 in
964 1768 1132 1835 infernum
1156 1768 1372 1849 dejiciuntur,

253 1871 444 1943 appareant
464 1861 563 1943 dejici
582 1865 732 1944 supinati
749 1865 863 1944 capite
882 1863 1040 1928 deorsum
1059 1864 1103 1929 ad
1133 1864 1313 1938 internum,
1339 1875 1374 1934 et

253 1957 397 2037 pedibus
413 1975 546 2020 sursum
562 1957 605 2023 ad
625 1957 758 2022 caelum
777 1957 949 2039 (videatur
964 1977 1077 2042 supra,
1098 1978 1130 2020 n.
1150 1958 1236 2042 548).

315 2065 412 2132 539.
444 2051 555 2116 Amor
568 2052 618 2116 sui
633 2054 739 2118 etiam
756 2052 836 2118 talis
854 2063 922 2130 est,
940 2063 977 2119 ut
997 2063 1162 2136 quantum
1182 2051 1230 2116 illi
1250 2052 1372 2116 laxan-

254 2155 308 2213 tur
326 2146 432 2222 irena,
449 2147 516 2212 hoc
536 2157 601 2222 est,
617 2157 840 2212 removentur
855 2147 991 2213 vincula
1009 2157 1168 2224 externa,
1186 2166 1272 2232 quae
1292 2156 1373 2214 sunt

253 2242 395 2310 timores
418 2262 480 2324 pro
509 2241 588 2324 lege
618 2252 654 2306 et
684 2243 755 2323 ejus
784 2243 917 2324 poenis,
940 2263 1069 2329 proque
1095 2240 1227 2324 jattura
1249 2243 1371 2318 famae,

253 2335 402 2411 honoris,
420 2336 513 2408 lucri,
531 2335 713 2406 suudtionis
731 2347 767 2401 et
790 2338 893 2413 vitae,
911 2346 1047 2402 tantum
1067 2347 1152 2412 ruat,
1170 2357 1275 2419 usque
1293 2347 1371 2400 tan·

253 2431 332 2497 dem
356 2440 393 2496 ut
416 2451 486 2496 non
510 2431 613 2497 modo
629 2432 796 2513 imperare
819 2431 904 2494 velit
927 2451 1028 2514 super
1051 2433 1244 2497 universum
1265 2442 1372 2494 terra-

252 2545 326 2594 tum
356 2525 487 2600 orbern,
518 2526 579 2590 sed
610 2527 717 2591 etiam
747 2545 848 2607 super
878 2535 993 2590 toturn
1027 2527 1171 2602 caelum,
1203 2546 1242 2588 ac
1273 2545 1374 2608 super

252 2621 363 2702 ipsum
381 2620 734 2703 Divinum,.nusquam
751 2631 806 2686 est
825 2621 856 2684 ei
875 2621 997 2703 aliquis
1013 2621 1179 2684 terminus
1199 2641 1258 2684 seu
1277 2618 1373 2698 finis;

252 2716 317 2781 hoc
338 2715 427 2782 latet
446 2716 664 2782 reconditum
683 2717 718 2780 in
737 2717 928 2798 unoquovis
943 2716 999 2798 qui
1028 2717 1063 2780 in
1092 2735 1209 2780 amore
1236 2715 1288 2778 sui
1306 2723 1372 2790 est,
1482 2755 1484 2757 -

641 2959 689 3010 [(ιιι
702 2967 799 3000 necans
810 2959 983 3009 cmm]

306 3061 370 3130 (hh)
397 3058 457 3134 Qui
477 3076 537 3115 non
557 3060 656 3116 sciunt
677 3059 749 3132 quid
775 3059 815 3114 sit
837 3075 936 3114 amare
962 3059 1139 3130 proximum,
1159 3067 1267 3128 putant
1292 3057 1373 3128 quod

253 3131 458 3202 unusquisque
477 3133 569 3186 homo
584 3132 624 3186 sit
640 3131 802 3202 proximus,
817 3139 848 3185 et
863 3131 945 3200 quod
961 3129 1210 3184 benefaciendum
1225 3129 1266 3184 sit
1278 3129 1374 3186 cuivis

253 3203 302 3273 qui
317 3217 393 3272 opus
405 3203 522 3273 indiget
535 3205 575 3268 (ιι.
589 3203 680 3269 6704).

307 3273 345 3330 Et
360 3289 479 3344 quoque
495 3275 629 3340 credunt,
645 3273 725 3342 quod
741 3271 868 3344 quisque
883 3271 939 3328 sibi
955 3269 995 3324 sit
1008 3269 1170 3342 proximus,
1185 3280 1216 3324 et
1232 3269 1275 3324 sic
1289 3269 1371 3342 quod

252 3361 337 3399 amor
349 3360 420 3414 erga
433 3345 600 3414 proximum
616 3341 738 3412 incipiat
751 3357 812 3398 ase
828 3343 866 3407 (n.
880 3343 971 3410 6933).

306 3411 365 3488 Qui
385 3429 417 3469 se
435 3431 526 3486 supra
540 3415 643 3470 omnia
657 3423 767 3475 ament,
784 3413 826 3466 ita
842 3413 883 3466 illi
899 3411 978 3482 apud
997 3425 1074 3482 quos
1091 3425 1176 3465 emor
1194 3410 1240 3466 sui
1259 3419 1373 3481 regnat,

253 3485 344 3542 etiarn
357 3501 490 3541 umorem
504 3501 575 3555 erge
587 3485 755 3554 proximum
769 3499 830 3540 ase
844 3483 991 3552 incipiunt
1005 3485 1044 3550 (n.
1056 3481 1151 3550 812tt[?
1164 3481 1242 3546 6710,
1256 3481 1360 3552 67111).

307 3556 366 3612 Sed
377 3555 531 3628 quomodo
541 3555 667 3624 quisque
677 3553 732 3610 sibi
743 3554 898 3624 proximus
906 3564 959 3614 est,
969 3551 1134 3622 explicatur
1144 3553 1184 3619 (n.
1192 3549 1373 3620 6933-6938).

307 3627 349 3682 At
365 3627 416 3696 qui
436 3625 598 3682 Christiani
619 3635 697 3686 sunt,
713 3636 745 3680 et
765 3623 863 3678 Deum
882 3639 971 3694 supra
990 3621 1093 3676 omnia
1111 3631 1221 3683 amant,
1238 3637 1372 3676 amorem

252 3713 323 3824 ειξιι
336 3697 505 3822 ριὲιιέἑιιιὲιιι
520 3695 693 3822 ingigpiengga
708 3695 847 3834 i))ornino,
860 3693 931 3765 quia
944 3693 998 3748 lue
1010 3707 1100 3763 supra
1112 3693 1214 3747 omnia
1225 3693 1373 3748 ornandus

326 3785 354 3822 n.
439 3807 445 3828 ,
500 3781 509 3822 ι
532 3809 539 3830 ,
592 3782 601 3820 ι
625 3807 631 3828 .
682 3781 697 3822 2
730 3807 737 3820 .

253 3785 285 3826 a
307 3771 401 3910 §uod
416 3781 587 3895 dichitdina
606 3781 733 3906 gronidti
752 3835 881 3890 totidem
900 3835 969 3896 sint,
983 3843 1059 3906 quot
1077 3832 1248 3888 discrimina
1266 3831 1338 3886 boni
1354 3847 1373 3886 a

255 3907 395 3971 Domino,
409 3917 440 3963 et
455 3908 535 3980 quod
551 3907 720 3962 iaciendum
737 3907 775 3961 sit
791 3907 903 3960 bonum
917 3921 985 3959 curn
999 3903 1172 3958 discrimine
1185 3917 1255 3976 erga
1268 3919 1372 3974 quern·

253 3995 372 4050 cunque
390 3979 554 4034 secundum
580 3973 672 4048 quaie'·
693 3987 788 4032 statua
806 3977 879 4046 ejus,
898 3987 929 4030 et
948 3976 1029 4046 quod
1052 3975 1111 4033 hoc
1135 3975 1176 4029 sit
1194 3973 1373 4044 prudentiae

254 4050 443 4109 Christianae
457 4054 497 4118 (ιι.
510 4049 589 4115 6707,
602 4049 680 4117 6709,
694 4047 791 4117 6710[?
804 4048 894 4116 6711]‚
908 4046 1000 4114 6818).

308 4120 397 4192 Quod
417 4119 590 4176 discrimina
609 4119 659 4173 illa
678 4117 833 4172 innumera
848 4117 925 4180 sint;
950 4127 981 4171 et
1000 4115 1081 4185 quod
1099 4114 1167 4168 ideo
1182 4113 1307 4184 antiqui,
1320 4114 1371 4184 qui

254 4202 404 4247 noverunt
416 4191 488 4262 quid
503 4190 662 4314 proximus,
673 4189 843 4260 redegerint
851 4188 992 4243 exercitia
1001 4185 1156 4240 charitatis
1170 4185 1205 4268 in·
1213 4185 1331 4268 classes,
1341 4195 1373 4238 et

256 4262 465 4332 insigniverint
485 4262 503 4316 il
516 4278 549 4315 as
568 4261 629 4316 suis
649 4261 836 4321 nominibus:
861 4271 892 4314 et
910 4258 991 4328 quod
1013 4257 1082 4311 inde
1100 4256 1242 4310 sciverint
1262 4272 1291 4308 ιιι
1311 4271 1372 4323 quo

255 4333 392 4418 respetiu
408 4349 485 4387 unus
500 4342 531 4386 et
546 4333 621 4386 alter
636 4341 718 4386 esset
733 4332 893 4401 proximus,
909 4340 941 4384 et
955 4327 1109 4399 quomodo
1124 4325 1371 4379 benefaciendum

254 4401 778 4548 sustineantstetui
791 4397 1201 4526 tuttuntutut,
1216 4465 1372 4520 anm

255 4561 326 4616 erge
338 4545 515 4615 proximum.
526 4555 557 4597 et
569 4543 652 4614 quod
664 4543 734 4600 inde
747 4541 805 4598 illis
815 4537 961 4612 sapientie
975 4539 1015 4602 (n.
1027 4549 1104 4606 2417,
1116 4537 1193 4608 2385,
1204 4549 1281 4608 3419,
1293 4549 1371 4606 3420,

254 4615 333 4686 4844,
346 4611 443 4684 6628st
455 4613 559 4684 66291).
