3408 5358
433 652 485 704 DE
503 651 744 704 SAPIENTIBUS
763 651 811 702 ET
830 649 1063 704 SIMPLICIBUS
1081 653 1122 704 IN
1141 654 1276 707 CAELO.
1363 659 1424 728 207

311 823 369 890 dio
387 844 433 888 ex
452 823 551 888 caelo
570 821 771 900 excludant,
791 823 846 886 ubi
867 821 951 886 nihil
972 824 1035 888 nisi
1055 843 1151 888 amor
1169 834 1316 890 mutuus.
1361 824 1427 892 Ca·

310 928 416 984 veant
445 917 561 1002 itaque
590 937 611 980 a
636 916 763 982 talibus
791 927 965 1000 parentes,
985 918 1041 1000 qui
1066 917 1180 982 liberis
1207 920 1275 984 suis
1301 921 1426 985 bonum

311 1014 442 1078 volunt.

373 1121 473 1190 343.
506 1103 626 1188 Qualis
648 1104 839 1168 differentia
862 1115 915 1170 est
939 1107 1029 1170 inter
1052 1106 1131 1170 illos
1160 1107 1216 1190 qui
1239 1108 1429 1172 moriuntur

311 1203 471 1276 infantes,
498 1211 534 1264 et
567 1202 623 1282 qui
656 1201 844 1264 moriuntur
876 1201 995 1276 adulti,
1027 1202 1132 1264 etiam
1165 1203 1307 1266 dicetur.
1363 1202 1428 1284 Qui

312 1295 502 1360 moriuntur
530 1295 649 1368 adulti,
681 1295 730 1356 illi
760 1294 899 1376 planum
929 1315 974 1358 ex
1006 1296 1162 1358 terrestri
1195 1305 1231 1360 et
1260 1297 1429 1360 materiali

312 1392 440 1454 mundo
458 1393 659 1472 acquisitum
678 1389 819 1464 habent,
836 1409 876 1452 ac
897 1409 1012 1455 secum
1028 1390 1151 1453 ferunt.
1198 1390 1275 1454 Hoc
1291 1392 1429 1474 planum

312 1495 365 1548 est
396 1487 560 1548 memoria
583 1503 700 1548 eorum
730 1495 766 1548 et
798 1483 868 1564 ejus
898 1481 1032 1548 affeffio
1062 1484 1225 1548 naturalis
1256 1505 1429 1567 corporea.

314 1579 391 1642 Hoc
408 1577 513 1641 fixum
530 1589 657 1653 manet,
671 1588 707 1642 et
726 1589 807 1641 tunc
821 1579 964 1660 quiescit
978 1599 986 1654 ;
1006 1587 1043 1642 at
1060 1599 1165 1660 usque
1179 1580 1320 1643 inservit
1336 1583 1429 1664 cogi·

312 1674 436 1736 tationi
459 1693 576 1736 eorum
599 1682 677 1754 post
701 1684 849 1736 mortem
872 1693 934 1754 pro
957 1673 1061 1755 plano
1085 1672 1217 1748 ultimo,
1238 1691 1318 1736 nam
1340 1674 1374 1738 in
1397 1677 1429 1739 id

312 1769 482 1850 cogitatio
500 1765 618 1831 influit.
664 1767 749 1830 Inde
769 1777 834 1840 est,
855 1768 946 1848 quod
969 1767 1069 1849 quale
1092 1769 1126 1830 id
1150 1767 1289 1850 planum
1310 1778 1375 1845 est,
1395 1783 1431 1834 et

312 1864 459 1946 qualiter
481 1861 660 1936 rationale,
685 1881 762 1924 cum
786 1861 853 1924 illis
875 1881 962 1944 quae
985 1862 1031 1924 ibi
1054 1871 1146 1936 sunt,
1172 1864 1430 1944 correspondet,

258 2022 265 2034 ,
313 1958 393 2021 talis
409 1967 487 2038 post
507 1967 653 2020 mortem
672 1956 717 2018 sit
736 1955 850 2018 homo.
897 1955 1049 2020 Infantes
1070 1965 1183 2019 autem
1203 1957 1260 2038 qui
1282 1957 1431 2022 infantes

313 2052 438 2114 mortui
455 2061 546 2124 sunt,
564 2060 599 2112 et
619 2051 756 2112 educati
772 2051 805 2113 in
825 2050 934 2124 caelo,
955 2068 1023 2114 non
1044 2049 1114 2114 tale
1131 2051 1271 2132 planum
1287 2049 1429 2126 habent,

313 2146 373 2208 sed
397 2146 537 2227 planum
561 2143 718 2207 naturale
742 2143 929 2226 spirituale,
953 2146 1113 2228 quoniam
1138 2143 1222 2206 nihil
1245 2145 1388 2209 trahunt
1411 2167 1432 2209 a

314 2239 482 2302 materiali
501 2239 629 2300 mundo
647 2246 683 2300 et
705 2240 861 2302 terrestri
880 2258 1042 2320 corpore:
1075 2249 1284 2321 quapropter
1306 2259 1374 2302 nnn
1397 2241 1432 2302 in

314 2343 386 2395 tam
410 2333 533 2395 crassis
563 2328 798 2394 affectionibus
826 2341 863 2394 et
890 2332 968 2396 inde
993 2333 1263 2414 cogitationibus
1286 2343 1431 2415 possunt

314 2447 409 2504 esse;
440 2426 582 2490 trahunt
605 2427 697 2488 enirn
721 2427 837 2489 omnia
859 2446 904 2490 ex
929 2427 1037 2490 caelo.
1084 2427 1265 2490 Praeterea
1285 2427 1432 2490 infantes

313 2522 475 2603 ignorant
491 2522 581 2604 quod
598 2522 671 2584 nati
687 2522 756 2584 sint
773 2523 806 2584 in
824 2521 970 2598 mundo;
996 2542 1098 2603 quare
1118 2541 1155 2586 se
1171 2522 1315 2586 credunt
1330 2531 1433 2586 natos

313 2616 347 2680 in
366 2615 483 2694 caelo;
510 2615 599 2678 unde
623 2635 685 2678 nec
709 2615 822 2679 sciunt
842 2615 921 2698 quid
944 2615 1010 2680 alia
1030 2618 1193 2680 nativitas
1214 2635 1315 2698 quam
1334 2617 1432 2698 spiri·

313 2709 425 2783 tualis,
442 2729 528 2793 quae
547 2708 584 2772 fit
605 2729 664 2790 per
681 2712 899 2792 cognitiones
916 2709 996 2774 boni
1018 2719 1054 2774 et
1073 2711 1154 2786 veri,
1173 2720 1209 2774 et
1228 2731 1288 2794 per
1303 2711 1432 2774 intelli·

314 2804 467 2885 gentiam
490 2813 525 2866 et
549 2805 766 2885 sapientiam,
787 2826 832 2868 ex
855 2806 976 2888 quibus
995 2803 1099 2869 homo
1119 2815 1174 2868 est
1197 2805 1322 2882 homo;
1346 2805 1431 2868 haec

315 2899 393 2980 quia
408 2918 429 2959 a
447 2897 597 2960 Domino
610 2907 701 2972 sunt,
716 2899 862 2962 credunt
878 2909 913 2962 et
933 2909 1051 2963 amant
1064 2900 1155 2982 quod
1176 2899 1287 2980 Ipsius
1304 2899 1431 2962 Domni

314 2993 393 3054 sint.
439 2989 507 3053 Sed
537 3013 642 3074 usque
665 3001 779 3055 status
801 2993 976 3056 hominum
1006 2993 1119 3076 quiin
1147 2992 1270 3056 tellure
1293 2992 1431 3056 adoles·

314 3093 404 3160 cunt,
425 3083 495 3148 fieri
518 3094 632 3167 potest
652 3106 760 3168 aeque
783 3084 963 3168 perfedtus,
987 3097 1025 3152 ut
1048 3097 1161 3150 status
1180 3085 1348 3152 infantum
1375 3085 1431 3168 qui

314 3179 475 3254 incaelo,
500 3181 528 3242 si
551 3179 601 3243 illi
622 3199 806 3262 corporeos
829 3191 864 3245 et
889 3191 1068 3246 terrestres
1093 3201 1238 3256 amores,
1260 3182 1315 3265 qui
1349 3191 1430 3244 sunt

314 3293 448 3336 amores
470 3275 521 3336 sui
544 3283 580 3336 et
603 3275 729 3351 mundi,
753 3285 944 3350 removent,
968 3286 1004 3340 et
1036 3273 1114 3339 loco
1138 3273 1273 3338 illorum
1296 3293 1430 3338 amores

314 3367 508 3452 spirituales
527 3369 705 3452 recipiunt.

725 3615 1020 3630 *ψ

751 3831 986 3918 [xxxvnn]

420 4017 478 4083 Du
501 4001 752 4083 Sarraurr'sus
774 4031 823 4080 ar
846 4015 1086 4082 smrncnus
1108 4030 1150 4081 nr
1174 4017 1315 4116 Cnseo.

376 4211 479 4295 346·
505 4211 662 4276 Creditur
679 4209 770 4294 quod
789 4209 963 4290 sapientes
981 4207 1126 4292 gloriam
1146 4220 1182 4274 et
1205 4211 1426 4276 eminentiam

315 4325 397 4389 prae
415 4305 624 4388 simplicibus
646 4305 680 4367 in
708 4301 805 4367 caelo
827 4303 976 4367 habituri
994 4303 1075 4380 sint,
1095 4306 1172 4388 quia
1196 4306 1319 4369 dicitur
1337 4307 1427 4388 apud

314 4399 498 4476 Dam'elem,

365 4537 575 4602 '‘iutelligentes
598 4537 777 4602 splendebunt
799 4539 868 4588 sicut
890 4537 1033 4602 splendore
1051 4538 1180 4604 expansi:
1203 4547 1231 4591 et
1251 4538 1428 4604 iustificantes

448 4605 547 4654 multos
558 4605 628 4654 sicut
639 4604 734 4654 stellae
746 4605 773 4652 in
786 4603 947 4653 aetemnm”
959 4605 1013 4664 (xil.
1026 4604 1064 4666 3):
