3408 5358
324 622 386 704 298
648 634 699 686 ns
721 632 848 686 caeno
871 632 920 684 nr
942 630 1124 684 tursarco.

323 825 363 870 ac
385 805 466 870 inde
484 804 608 882 iacere,
627 814 681 870 est
709 805 797 869 sicut
815 803 1011 868 flammeum
1030 801 1121 888 quod
1141 803 1361 868 circumcirca
1383 803 1444 868 dat

322 897 473 964 calorem
491 909 528 964 et
546 898 679 976 lucem;
703 907 739 962 et
758 908 813 964 est
831 899 920 964 sicut
936 917 1055 962 semen
1074 897 1109 960 in
1128 898 1244 973 humo,
1264 897 1356 982 quod
1379 919 1443 962 ex·

322 993 446 1058 crescit
471 993 507 1056 in
534 993 693 1056 arborem
711 1001 771 1056 aut
790 991 923 1073 liorem,¹
941 1000 978 1056 et
1007 991 1139 1056 existit.
1185 989 1338 1074 Quisque
1357 992 1444 1055 scire

321 1095 442 1169 potest
458 1085 550 1168 quod
565 1084 657 1150 velle
673 1095 709 1149 et
725 1105 795 1150 non
811 1085 933 1162 lacere,
951 1103 1029 1150 cum
1045 1093 1175 1166 potest,
1191 1085 1236 1148 sit
1253 1104 1324 1148 non
1340 1083 1442 1160 velle,

321 1199 361 1244 ac
379 1199 495 1243 amare
514 1189 550 1244 et
570 1199 639 1242 non
655 1178 783 1244 bonum
797 1178 909 1244 iacere
925 1198 1003 1242 curn
1019 1187 1149 1260 potest,
1166 1177 1211 1242 sit
1231 1196 1299 1242 non
1315 1197 1440 1251 amare.

320 1273 371 1336 ita
392 1271 607 1355 quodmodo
629 1273 674 1336 sit
698 1273 853 1354 cogitare
873 1271 965 1354 quod
984 1271 1069 1336 velit
1092 1281 1128 1336 et
1151 1279 1258 1346 amet,
1277 1271 1328 1334 ita
1350 1271 1442 1354 quod

320 1366 366 1430 sit
389 1367 558 1448 cogitatio
577 1374 747 1448 separata,
767 1385 855 1448 quae
875 1365 1052 1428 evanescit
1075 1374 1111 1429 et
1135 1363 1331 1448 dissipatur.
1376 1363 1442 1429 Est

320 1478 416 1522 arnor
431 1469 467 1522 et
483 1460 644 1523 voluntas
660 1459 734 1542 ipsa
745 1459 859 1524 anima
873 1455 953 1522 iacti
969 1479 1029 1522 seu
1045 1458 1156 1542 operis
1171 1479 1180 1536 ;
1203 1457 1328 1523 format
1344 1477 1442 1522 suum

320 1571 444 1634 corpus
471 1553 504 1616 in
530 1553 670 1618 sinceris
693 1561 729 1617 et
756 1551 856 1634 justis
878 1573 964 1636 quae
987 1551 1092 1616 bomo
1117 1551 1211 1616 iacit.
1256 1549 1441 1634 Spirituale

320 1665 454 1727 corpus,
476 1666 536 1710 seu
559 1665 681 1728 corpus
699 1647 838 1728 spiritus
857 1645 1017 1722 hominis,
1039 1665 1107 1708 non
1131 1643 1269 1709 aliunde
1288 1655 1354 1722 est,
1374 1645 1440 1710 hoc

319 1749 385 1814 est,
406 1759 476 1804 non
505 1759 550 1804 ex
577 1739 652 1804 aliis
679 1739 843 1803 formatur
862 1758 965 1822 quam
989 1760 1035 1802 ex
1065 1737 1132 1804 illis
1157 1759 1243 1823 quae
1262 1739 1369 1805 homo
1395 1760 1440 1803 ex

319 1851 436 1898 amore
454 1853 515 1896 seu
533 1832 712 1898 voluntate
730 1831 812 1898 facit
833 1831 1005 1914 (videatur
1023 1853 1135 1916 supra,
1151 1853 1183 1896 n.
1197 1832 1276 1916 463)
1291 1855 1299 1912 ;
1323 1833 1439 1910 verbo.

318 1934 399 1990 sunt
413 1927 528 1990 omnia
546 1927 693 1992 hominis
712 1936 748 1991 et
767 1927 906 2010 spiritus
925 1925 996 2009 ejus
1023 1927 1057 1990 in
1075 1923 1173 1990 iactis
1201 1945 1261 1991 seu
1281 1927 1440 2009 operibus

318 2015 432 2100 ejusd

380 2114 482 2196 476.
510 2112 568 2176 Ex
595 2112 648 2178 his
677 2133 767 2178 nunc
790 2122 951 2178 constare
975 2122 1105 2196 potest,
1126 2113 1206 2196 quid
1233 2113 1441 2195 intelligitur

320 2224 382 2287 per
413 2207 533 2282 vitam,
565 2227 651 2290 quae
683 2207 860 2272 hominem
894 2217 1014 2271 manet
1047 2215 1127 2288 post
1161 2216 1318 2284 mortem,
1350 2207 1439 2290 quod

320 2317 447 2380 nempe
466 2301 512 2364 sit
531 2299 718 2382 ejusamor
736 2309 772 2364 et
790 2301 871 2364 inde
890 2299 987 2374 fides,
1008 2320 1078 2364 non
1097 2300 1201 2363 modo
1223 2301 1258 2362 in
1282 2301 1441 2382 potentia

317 2392 380 2454 sed
406 2395 512 2457 etiam
542 2395 575 2457 in
606 2391 707 2472 adiu3
737 2395 787 2456 ita
813 2393 905 2476 quod
928 2395 998 2458 sint
1026 2391 1117 2458 sacta
1141 2414 1200 2458 seu
1224 2413 1338 2476 opera,
1362 2395 1440 2477 quia

317 2483 403 2549 haec
419 2487 452 2550 in
472 2508 509 2550 se
528 2488 707 2552 continent
726 2488 842 2550 omnia
860 2489 986 2552 amoris
1004 2497 1041 2552 et
1059 2486 1137 2552 fidei
1156 2487 1314 2552 hominis.

384 2594 480 2664 477.
510 2581 576 2646 Est
608 2602 704 2646 amor
733 2601 884 2664 regnans
914 2583 970 2667 qui
1002 2595 1119 2648 manet
1152 2583 1327 2648 hominem
1360 2591 1440 2666 post

319 2687 479 2750 mortem,
500 2695 563 2740 nec
583 2695 726 2758 usquam
755 2677 791 2740 in
820 2685 1001 2740 aeternum
1025 2687 1198 2756 mutatur;
1229 2685 1310 2742 sunt
1334 2676 1440 2739 cuivis

319 2769 435 2851 plures
454 2789 600 2844 amores,
620 2770 682 2832 sed
701 2790 808 2854 usque
824 2789 946 2834 omnes
970 2791 1007 2834 se
1037 2770 1187 2834 referunt
1214 2771 1258 2836 ad
1286 2788 1439 2834 amorem

317 2861 388 2943 ejus
406 2872 624 2944 regnantem,
641 2882 681 2927 ac
701 2883 805 2926 unum
818 2861 946 2928 iaciunt
965 2883 1042 2926 cum
1060 2863 1132 2940 illo,
1149 2884 1209 2928 seu
1227 2863 1323 2926 illurn
1339 2862 1438 2926 simul

316 2965 539 3036 componunt.
577 2953 1000 3038 Omniavoluntat'isquae
1011 2957 1224 3022 concordant
1235 2976 1312 3020 cum
1323 2975 1439 3020 amore

316 3058 486 3129 regnante
502 3058 672 3112 vocantur
684 3068 829 3124 amores,
844 3050 922 3132 quia
934 3059 1103 3116 amantur.
1148 3049 1195 3114 Hi
1211 3069 1346 3114 amores
1358 3059 1438 3113 sunt

315 3142 496 3206 interiores
515 3151 551 3204 et
571 3143 785 3206 exteriores:
810 3152 891 3206 sunt
910 3143 967 3226 qui
986 3143 1187 3207 immediate
1206 3140 1378 3225 conjundti
1402 3153 1438 3208 et

315 3235 372 3316 qui
395 3235 566 3313 mediate;
594 3243 674 3298 sunt
693 3237 871 3317 propiores
894 3246 930 3299 et
952 3238 1168 3312 remotiores,
1188 3247 1270 3301 sunt
1293 3238 1437 3300 inservi·

316 3337 416 3392 entes
438 3329 533 3392 vario
556 3329 670 3392 modo.
715 3326 823 3392 Simul
847 3331 975 3412 sumpti
998 3331 1216 3394 constituunt
1240 3331 1336 3413 quasi
1358 3350 1437 3412 reg·

316 3439 408 3498 num,
425 3422 475 3485 ita
493 3421 583 3485 enim
599 3423 749 3486 ordinati
767 3432 847 3486 sunt
862 3424 952 3504 apud
969 3423 1155 3500 hominem,
1173 3425 1314 3488 tametsi
1332 3423 1438 3488 homo

706 3643 754 3696 ll⁸¹
766 3653 864 3686 ΜΒ
875 3644 1047 3697 cummi]

370 3751 408 3820 (0)
434 3749 523 3823 Quod
539 3751 682 3807 interiora
693 3753 863 3808 successive
872 3751 1005 3806 'influant
1018 3753 1048 3807 in
1061 3754 1219 3816 exteriora.
1233 3769 1328 3826 usque
1342 3749 1372 3809 in
1386 3771 1437 3811 ex·

315 3831 445 3876 tremum
464 3838 517 3876 seu
537 3823 688 3886 ultimum,
707 3835 738 3880 et
756 3825 838 3894 quod
863 3824 904 3879 ibi
926 3824 1058 3880 existant
1079 3835 1110 3881 et
1131 3826 1298 3882 subsistant
1318 3827 1359 3895 (n.
1374 3825 1436 3896 ⁶³4»

317 3892 415 4034 6235?
427 3893 519 3962 ⁶451l.
531 3893 610 3963 6465,
624 3894 704 3962 9216,
718 3894 816 3964 9217[?
830 3895 924 3964 9215).

397 3964 457 4017 uod
474 3979 534 4017 non
551 3965 643 4020 modo
662 3963 798 4026 influant,
810 3965 863 4020 sed
879 3965 970 4020 etiam
989 3965 1121 4021 forment
1134 3967 1165 4021 in
1181 3967 1289 4022 ultimo
1302 3967 1437 4022 simulta-

314 4049 419 4096 neum;
458 4051 498 4089 uo
511 4035 617 4090 ordine
632 4039 673 4104 (n.
688 4035 855 4105 5897,6451,
869 4036 947 4106 8603,
964 4039 1071 4106 10099).

313 4176 326 4244 (
366 4103 450 4244 ἓὸιιῖὃ)
477 4105 547 4160 inde
565 4107 669 4162 omnia
687 4105 832 4164 interiora
846 4107 1059 4164 contineantur
1073 4107 1103 4163 in
1120 4124 1208 4171 nexu,
1220 4117 1252 4164 et
1271 4109 1437 4164 subsistant

327 4190 356 4230 ιι.
454 4217 461 4230 .

366 4243 457 4384 931οά
476 4243 555 4302 india
572 4263 625 4302 seu
644 4263 737 4318 opera
754 4247 815 4304 sint
833 4247 947 4312 ultima,
962 4248 993 4304 in
1011 4249 1121 4321 quibus
1140 4249 1285 4306 interiora
1302 4259 1374 4305 sunt
1393 4252 1435 4320 (n.

315 4329 423 4384 ¹0331·

366 4385 467 4458 Quare
477 4387 599 4442 retribui
613 4398 644 4444 et
652 4387 777 4458 judicari
788 4390 952 4446 secundum
966 4389 1045 4446 iacta
1057 4403 1088 4447 et
1100 4407 1199 4462 opera
1209 4401 1256 4448 est
1268 4391 1434 4447 secundum

311 4459 415 4512 omnia
426 4475 503 4529 quae
519 4469 591 4513 sunt
605 4461 716 4515 amoris
729 4471 761 4516 et
773 4459 852 4524 fidei,
865 4477 917 4518 seu
930 4462 1071 4518 voluntas
1084 4474 1115 4518 et
1127 4461 1322 4534 cogitationis
1337 4463 1434 4518 homi·

313 4528 368 4588 nis.
380 4528 452 4600 quia
469 4529 543 4586 haec
561 4541 633 4586 sunt
652 4531 795 4587 interiora
812 4548 890 4604 quae
909 4543 980 4589 sunt
997 4533 1027 4588 in
1044 4533 1101 4590 illis
1115 4536 1156 4604 (ιι.
1171 4547 1249 4604 3147,
1263 4547 1341 4604 3934.
1355 4534 1434 4604 6073,

313 4597 391 4668 8911,
408 4614 501 4671 10331,
517 4600 629 4672 10333[?
645 4601 766 4674 103321).
