3382 5358
288 596 345 674 148
610 609 661 660 na
683 608 810 662 cneco
834 609 881 664 Et·
905 609 1087 664 runcano.

280 781 315 844 in
327 801 394 864 qua
407 781 517 844 solum
529 780 665 864 aliquae
677 802 780 847 voces
792 781 915 846 litteris
930 781 1111 846 Hebraicis
1124 783 1274 864 scriptae
1287 793 1384 848 erant
1397 807 1404 861 ;

284 887 320 940 et
340 877 520 940 dicebatur
539 877 630 960 quod
650 879 837 960 unaquevis
857 877 973 940 littera
992 877 1148 942 involvat
1165 899 1292 942 arcana
1314 881 1405 962 sapi-

281 973 408 1047 entiae,
426 982 462 1035 et
482 972 573 1054 quod
592 971 652 1034 illa
667 972 773 1036 insint
790 972 1031 1036 inflexionibus
1048 983 1084 1036 et
1104 975 1293 1037 curvaturis
1311 973 1405 1038 litte·

281 1087 405 1142 rarum,
436 1077 472 1130 et
506 1067 585 1130 inde
621 1087 756 1150 quoque
790 1069 893 1130 sonis.
940 1067 1025 1131 Inde
1058 1069 1171 1150 patuit
1202 1068 1295 1144 mihi,
1325 1068 1406 1151 quid

281 1161 495 1246 significatur
514 1182 574 1244 per
592 1161 677 1226 haec
699 1161 836 1228 Domini
856 1163 972 1240 verba,

332 1307 444 1357 “Amen
460 1309 520 1358 dico
535 1308 620 1366 vobis,
636 1309 797 1371 usquedum
813 1309 981 1370 praeterierit
995 1308 1099 1358 caelum
1115 1317 1142 1359 et
1160 1319 1239 1364 terra.
1250 1309 1307 1359 iota
1319 1324 1403 1360 unum

413 1385 459 1424 aut
471 1375 640 1424 corniculum
659 1388 744 1424 untuu
758 1389 813 1424 non
827 1375 985 1438 praeteribit
996 1375 1030 1424 de
1046 1374 1117 1438 Lege
1127 1373 1142 1394 ''
1154 1375 1263 1437 (Alana.
1276 1391 1300 1427 v.
1318 1377 1365 1432 18).

282 1522 385 1606 Quod
404 1522 558 1590 Verbum
583 1524 744 1588 Divinum
772 1526 818 1588 sit
848 1525 961 1608 quoad
989 1545 1128 1590 omnem
1156 1526 1227 1609 ejus
1257 1526 1403 1612 apicem,

281 1621 386 1685 etiarn
411 1631 531 1684 notum
551 1631 604 1684 est
629 1622 662 1684 in
686 1621 855 1684 ecclesia:
888 1621 948 1684 sed
968 1621 1106 1686 ubinam
1131 1621 1292 1688 Divinum
1316 1621 1405 1686 latet

280 1717 315 1780 in
339 1718 431 1780 omni
458 1718 567 1798 apice,
592 1716 744 1780 nondum
769 1725 890 1780 notum
913 1727 990 1796 est;
1024 1727 1236 1800 quapropter
1259 1718 1403 1782 dicetur.

281 1809 458 1894 Scriptura
476 1813 508 1874 in
526 1811 624 1876 caelo
640 1812 763 1876 intimo
779 1812 939 1876 consistit
955 1833 1001 1876 ex
1020 1813 1121 1876 variis
1138 1813 1254 1877 formis
1270 1812 1405 1878 inflexis

281 1917 317 1972 et
348 1906 596 1985 circumflexis;
632 1916 666 1971 et
695 1907 899 1972 inflexiones
929 1916 965 1970 et
998 1907 1293 1972 circumflexiones
1323 1918 1403 1974 sunt

280 2004 470 2068 secundum
507 2001 650 2066 formam
686 2002 783 2066 caeli.
830 2001 961 2084 Angeli
998 2023 1058 2086 per
1093 2003 1170 2067 illas
1204 2005 1403 2088 exprimunt

279 2118 407 2163 arcana
423 2099 614 2181 sapientiae
631 2118 723 2172 suae,
740 2107 776 2161 et
796 2117 930 2182 quoque
950 2096 1048 2178 plura
1066 2119 1153 2180 quae
1170 2118 1239 2162 non
1259 2109 1404 2181 possunt

279 2195 422 2258 vocibus
445 2195 644 2270 enuntiare;
679 2203 726 2269 et,
757 2193 849 2276 quod
879 2192 1046 2268 mirabile,
1071 2191 1167 2256 illam
1198 2194 1402 2276 scripturam

280 2291 393 2354 sciunt
409 2289 525 2371 angeli
539 2289 667 2372 absque
683 2298 758 2353 arte
775 2298 810 2352 et
828 2289 1015 2370 magistro;
1039 2298 1092 2352 est
1109 2288 1176 2352 illis
1192 2289 1300 2352 indita
1316 2290 1403 2354 sicut

280 2385 355 2467 ipsa
378 2385 515 2468 loquela
540 2383 597 2468 (de
621 2405 687 2466 qua
711 2403 743 2446 n.
767 2383 865 2466 236):
891 2393 1104 2468 quapropter
1126 2385 1294 2468 scriptura
1316 2383 1403 2448 haec

280 2491 335 2542 est
366 2482 536 2562 scriptura
558 2478 730 2542 caelestis.
777 2477 878 2560 Quod
903 2480 1013 2542 indita
1037 2479 1092 2554 sit,
1113 2488 1167 2542 est
1190 2480 1269 2562 quia
1291 2481 1403 2542 omnis

279 2576 441 2638 extensio
458 2575 709 2656 cogitationum
729 2583 764 2638 et
783 2571 1012 2650 affectionum,
1030 2583 1066 2638 et
1085 2573 1164 2637 inde
1181 2575 1291 2642 omnis
1308 2593 1402 2638 com·

281 2671 469 2733 municatio
500 2669 755 2750 intelligentiae
785 2677 820 2732 et
855 2669 1045 2751 sapientiae
1072 2669 1275 2750 angelorum
1305 2669 1401 2732 vadit

280 2766 467 2827 secundum
486 2764 630 2828 formam
650 2764 735 2826 caeli
757 2761 804 2844 (n.
825 2761 923 2846 201):
955 2765 1035 2826 inde
1054 2773 1119 2838 est,
1140 2763 1231 2846 quod
1255 2762 1402 2826 inillam

279 2859 361 2922 fluat
379 2861 547 2942 scriptura
561 2859 706 2922 illorum.
752 2856 890 2921 Dictum
908 2868 962 2922 est
983 2858 1076 2934 mihi,
1095 2859 1187 2942 quod
1204 2859 1401 2942 antiquissi-

280 2955 344 3017 mis
363 2956 396 3016 in
416 2953 480 3019 hac
500 2953 633 3029 tellure,
653 2963 839 3036 antequam
857 2953 994 3018 litterae
1013 2955 1172 3018 inventae
1189 2964 1279 3030 sunt,
1297 2955 1401 3018 etiam

280 3049 360 3112 talis
379 3051 547 3131 scriptura
566 3049 685 3126 luerit3
706 3058 741 3112 et
761 3049 852 3130 quod
872 3048 931 3111 illa
950 3049 1122 3112 translata
1142 3051 1187 3112 sit
1210 3050 1244 3112 in
1269 3049 1401 3112 litteras

279 3143 418 3226 linguae
440 3144 643 3218 Hebraicae,
663 3163 750 3226 quae
770 3143 908 3207 litterae
927 3145 1076 3226 antiquis
1095 3144 1306 3228 temporibus
1326 3163 1400 3206 om-

279 3260 341 3302 nes
363 3239 511 3303 inflexae
534 3238 679 3312 luerunt,
704 3247 740 3301 et
771 3258 839 3301 non
867 3238 1012 3321 aliquae,
1033 3240 1120 3302 sicut
1144 3239 1257 3313 hodie,
1282 3239 1400 3302 termi-

279 3346 383 3398 natae
407 3344 443 3398 ut
467 3334 596 3396 lineae:
628 3333 707 3396 inde
724 3341 789 3408 est,
811 3334 902 3416 quod
924 3333 957 3397 in
982 3333 1100 3398 Verbo
1119 3335 1188 3397 sint
1213 3333 1338 3398 Divina
1364 3345 1400 3398 et

278 3451 404 3494 arcana
423 3429 510 3492 caeli
533 3429 639 3492 etiam
658 3429 691 3490 in
711 3429 802 3503 iotis,
821 3428 983 3512 apicibus,
1001 3439 1037 3493 et
1056 3429 1236 3492 corniculis
1256 3428 1336 3510 ejus.

341 3523 437 3589 261.
468 3523 565 3586 Haec
585 3524 764 3605 scriptura,
785 3542 871 3606 quae
895 3523 932 3587 fit
957 3544 1017 3607 per
1040 3531 1145 3606 typos
1167 3523 1296 3588 formae
1319 3544 1399 3588 cae·

278 3621 387 3695 lestis,
405 3621 438 3682 in
466 3639 528 3682 usu
550 3627 605 3682 est
634 3620 668 3682 in
701 3619 823 3681 intimo
842 3619 951 3689 caelo.
973 3619 1028 3682 ubi
1058 3621 1090 3682 in
1119 3621 1288 3700 sapientia
1318 3640 1399 3702 prae

277 3716 414 3798 reliquis
431 3723 521 3778 sunt.
567 3713 819 3796 Exprimuntur
837 3735 897 3797 per
916 3715 994 3778 illos
1013 3712 1221 3790 affectiones,
1238 3735 1259 3777 a
1277 3714 1399 3796 quibus

278 3812 511 3892 cogitationes
528 3807 637 3872 fluunt
661 3819 696 3872 et
721 3819 976 3892 consequuntur
1000 3811 1119 3874 ordine
1139 3811 1326 3874 secundum
1350 3809 1398 3874 rei

279 3903 468 3987 subjectum
492 3905 535 3967 de
558 3925 626 3985 quo
648 3905 783 3985 agitur:
813 3905 891 3968 inde
915 3915 981 3980 est,
1001 3907 1093 3988 quod
1113 3907 1300 3988 scripturae
1319 3904 1399 3970 illae

277 3999 457 4063 involvant
484 4017 621 4072 arcana,
645 4017 732 4080 quae
763 3999 936 4064 exhauriri
959 3999 1176 4082 cogitatione
1200 4009 1397 4083 nequeunt;

276 4093 339 4158 has
359 4094 544 4176 scripturas
563 4093 682 4155 datum
701 4093 803 4162 etiam
820 4103 874 4157 est
894 4094 1020 4158 videre.
1066 4094 1117 4158 At
1135 4095 1170 4158 in
1189 4094 1294 4158 caelis
1313 4093 1365 4158 ins
1382 4128 1397 4142 ·

276 4189 421 4252 rioribus
441 4207 509 4250 non
527 4187 616 4250 tales
633 4187 822 4268 scripturae
840 4199 939 4252 sunt:
964 4191 1152 4270 scripturae
1172 4191 1205 4252 in
1225 4189 1277 4253 his
1294 4190 1398 4254 caelis

276 4293 357 4347 sunt
387 4282 514 4346 similes
545 4281 721 4364 scripturis
749 4283 783 4346 in
813 4283 953 4358 mundo,
982 4283 1148 4348 similibus
1176 4283 1311 4358 litteris,
1336 4281 1397 4346 sed

275 4397 383 4460 usque
402 4396 471 4440 non
491 4376 726 4459 intelligibiles
744 4376 884 4453 homini,
905 4379 983 4462 quia
1002 4388 1082 4444 sunt
1101 4379 1134 4444 in
1154 4377 1271 4460 lingua
1289 4395 1397 4460 ange·

275 4471 353 4546 lica,
373 4481 409 4536 et
429 4472 546 4554 lingua
566 4473 724 4554 angelica
743 4473 823 4537 talis
842 4483 904 4548 est,
922 4487 960 4538 ut
980 4495 1048 4538 non
1068 4493 1249 4539 commune
1269 4472 1397 4538 habeat

275 4587 354 4632 cum
367 4567 491 4650 linguis
504 4568 661 4631 humanis
680 4567 726 4650 (n.
744 4568 820 4651 237)
837 4591 844 4646 ;
869 4591 928 4652 per
943 4569 1082 4635 vocales
1095 4570 1186 4634 enim
1199 4569 1397 4651 exprimunt
