3408 5358
246 631 340 692 2040
391 653 393 658 ·
565 629 617 682 DE
639 626 765 680 cauto
788 627 837 679 ET
860 627 1045 682 INFERNO.

245 821 379 887 quoque
398 800 552 866 nutriunt
570 821 715 884 corpora
730 819 857 878 eorum,
878 811 915 868 et
931 800 998 868 hoc
1022 821 1068 868 ex
1092 805 1363 888 corresponden-

244 901 303 972 tia‚
324 915 403 960 nam
422 895 530 960 forma
548 897 700 978 corporis
718 915 787 959 non
805 905 859 960 est
883 897 947 960 nisi
966 915 1068 979 quam
1087 897 1196 962 forma
1215 910 1364 964 externa
1445 935 1447 940 ·

244 993 454 1057 interiorum.
500 989 685 1054 Sciendum
713 999 779 1065 est,
804 990 895 1072 quod
925 989 1072 1054 infantes
1101 993 1136 1055 in
1165 992 1264 1056 caelo
1294 1013 1362 1056 non

244 1087 447 1152 adolescant
466 1085 672 1168 ultraquam
691 1085 735 1147 ad
754 1085 900 1168 primum
914 1083 1144 1166 juventutem,
1161 1106 1200 1150 ac
1219 1086 1265 1150 ibi
1283 1087 1362 1154 sub·

244 1183 370 1246 sistant
396 1180 430 1243 in
453 1189 640 1242 aeternum.
685 1177 736 1242 Ut
767 1199 829 1262 pro
847 1189 946 1242 certo
968 1179 1091 1242 scirem
1113 1180 1206 1262 quod
1232 1179 1283 1244 ita
1305 1182 1362 1256 sit,

245 1278 365 1342 datum
395 1283 449 1338 est
479 1273 571 1357 loqui
600 1293 677 1337 cum
706 1273 873 1356 aliquibus
898 1274 953 1358 qui
983 1283 1021 1339 ut
1050 1275 1200 1356 infantes¹
1225 1276 1364 1340 educati

245 1382 324 1447 sunt
341 1373 374 1434 in
387 1369 495 1444 caelo,
507 1379 543 1432 et
559 1369 615 1451 qui
627 1368 852 1432 adoleverunt
868 1369 934 1448 ibi;
957 1387 1034 1432 cum
1044 1370 1246 1452 quibusdam
1259 1370 1363 1433 etiam

245 1465 383 1550 quando
397 1463 545 1528 infantes
560 1473 670 1538 erant,
690 1474 728 1528 et
746 1463 825 1526 dein
841 1483 918 1527 cum
934 1463 1055 1527 iisdem
1071 1465 1209 1547 quando
1221 1464 1364 1545 juvenes

244 1557 346 1638 sa&i;
370 1569 407 1624 et
429 1557 554 1622 abillis
572 1557 685 1622 audivi
701 1559 794 1622 vitae
810 1575 929 1622 eorum
945 1577 1080 1622 cursum
1098 1559 1143 1622 ab
1162 1577 1228 1622 una
1247 1567 1364 1622 aetate

246 1656 289 1718 ad
308 1655 463 1718 alteram.

306 1763 402 1833 341.
432 1745 533 1828 Quod
549 1746 750 1812 innocentia
764 1749 810 1812 sit
826 1746 1082 1830 receptaculum
1098 1747 1249 1812 omnium
1265 1747 1363 1824 caeli,

245 1853 281 1908 et
301 1845 349 1906 sic
368 1843 459 1924 quod
478 1842 675 1905 innocentia
690 1841 858 1906 infantum
877 1843 921 1906 sit
941 1836 1080 1924 planum
1096 1843 1246 1906 omnium
1262 1841 1364 1905 affec·

246 1942 377 2004 tionum
397 1939 478 2000 boni
501 1947 536 2001 et
565 1939 647 2013 veri,
671 1949 833 2002 constare
855 1947 975 2021 potest
997 1959 1043 2002 ex
1073 1937 1140 2002 iliis
1163 1959 1251 2021 quae
1274 1939 1366 2021 prius

248 2035 295 2118 (n.
320 2029 480 2114 276-283)
504 2031 550 2096 de
571 2031 775 2096 Innocentia
797 2033 1015 2114 Angelorum
1038 2033 1072 2096 in
1095 2031 1202 2097 Caelo
1224 2043 1367 2096 ostensa

246 2137 344 2204 sunt;
363 2126 454 2209 quod
474 2145 598 2206 nempe
616 2127 817 2190 innocentia
831 2128 877 2191 sit
896 2125 988 2191 velle
1004 2126 1082 2190 duci
1104 2147 1125 2189 a
1147 2127 1308 2202 Domino,
1328 2135 1365 2191 et

247 2243 315 2288 non
327 2243 348 2285 a
360 2229 470 2284 semet
484 2241 492 2298 ;
519 2220 662 2302 proinde
675 2222 767 2304 quod
782 2221 888 2285 homo
900 2231 1038 2286 tantum
1051 2222 1085 2284 in
1098 2221 1298 2286 innocentia
1309 2223 1365 2298 sit,

246 2325 411 2400 quantum
431 2324 583 2378 remotus
601 2325 656 2378 est
679 2335 700 2378 a
722 2335 785 2380 suo
807 2316 966 2398 propri0;
996 2325 1033 2379 et
1057 2323 1223 2398 quantum
1245 2315 1366 2399 aliquis

246 2433 267 2475 a
284 2432 347 2474 suo
365 2409 502 2492 proprio
517 2419 671 2472 remotus
686 2419 751 2486 est,
768 2419 903 2474 tantum
921 2411 956 2473 in
976 2409 1116 2492 Proprio
1132 2408 1271 2473 Domini
1289 2421 1365 2489 est;

247 2506 422 2588 Proprium
446 2503 584 2567 Domini
614 2515 668 2568 est
696 2504 788 2586 quod
817 2514 962 2568 vocatur
977 2503 1112 2586 justitia
1140 2513 1177 2568 et
1206 2505 1366 2568 meritum

248 2601 394 2665 Domini.
440 2595 508 2661 Sed
532 2599 731 2663 innocentia
749 2599 917 2662 infantum
936 2618 1005 2662 non
1024 2609 1079 2662 est
1101 2598 1250 2680 genuina
1268 2599 1366 2662 inno·

246 2695 371 2769 centia,
384 2692 462 2776 quia
478 2701 532 2756 est
547 2691 675 2774 absque
691 2694 862 2774 sapientia
876 2691 988 2756 adhuc
1003 2711 1011 2754 ε
1035 2693 1185 2773 genuina
1200 2692 1367 2756 innocen·

246 2791 295 2855 tia
306 2797 360 2852 est
375 2787 544 2869 sapientia
558 2805 567 2864 ;
598 2805 677 2850 nam
690 2797 858 2869 quantum
870 2787 992 2870 aliquis
1007 2787 1145 2868 sapiens
1157 2795 1211 2850 est
1227 2795 1366 2850 tantum

247 2893 342 2950 amat
358 2883 436 2944 duci
452 2901 472 2944 a
488 2879 649 2956 Domino,
663 2901 723 2944 seu
735 2881 827 2964 quod
843 2881 947 2958 idem,
958 2891 1124 2964 quantum
1136 2881 1259 2963 aliquis
1270 2882 1366 2945 duci·

246 2991 301 3044 tur
324 2999 345 3041 a
371 2976 532 3049 Domino,
557 2984 694 3038 tantum
717 2976 854 3058 sapiens
882 2986 947 3040 est.
993 2975 1227 3038 Perducuntur
1249 2976 1366 3059 itaque

246 3073 393 3137 infantes
411 3069 456 3132 ab
473 3069 672 3132 innocentia
690 3079 848 3146 externa,
866 3071 900 3132 in
919 3089 986 3152 qua
1004 3069 1147 3150 primum
1167 3077 1257 3143 sunt,
1278 3089 1365 3152 quae

246 3176 390 3231 vocatur
420 3165 621 3227 innocentia
643 3163 818 3240 infantiae,
842 3165 886 3227 ad
916 3164 1151 3227 innocentiam
1181 3161 1364 3240 internam,

246 3280 332 3346 quae
351 3268 405 3322 est
422 3259 620 3321 innocentia
638 3260 837 3340 sapientiae.
883 3257 980 3322 Haec
1000 3257 1199 3321 innocentia
1217 3267 1270 3321 est
1291 3255 1367 3322 finis

246 3355 356 3420 omnis
372 3349 604 3416 instrudtionis
619 3362 655 3416 et
672 3353 919 3435 progressionis
928 3353 1065 3416 iliorum
1079 3373 1088 3430 ;
1111 3371 1215 3433 quare
1227 3370 1304 3416 cum
1319 3350 1364 3415 ad

246 3447 482 3514 innocentiam
499 3448 689 3528 sapientiae
704 3448 858 3524 veniunt,
872 3457 955 3510 tunc
971 3445 1189 3528 conjungitur
1204 3445 1252 3509 eis
1267 3447 1366 3510 inno·

246 3544 361 3608 centia
382 3540 557 3617 infantiae,
577 3561 663 3623 quae
682 3540 749 3606 illis
772 3543 905 3605 interea
922 3541 1147 3604 inserviverat
1170 3559 1232 3622 pro
1250 3539 1365 3622 plano.

247 3640 560 3720 Repraesentatum
580 3645 635 3698 est
653 3635 746 3712 mihi,
767 3637 877 3718 qualis
896 3645 950 3699 est
969 3634 1168 3699 innocentia
1185 3634 1364 3708 infantum,

246 3753 307 3816 per
329 3731 480 3812 ligneum
505 3730 678 3810 quoddam
701 3730 769 3794 sere
792 3751 918 3812 expers
940 3730 1045 3806 vitae,
1065 3729 1157 3812 quod
1175 3726 1367 3791 vivificatur

246 3829 333 3891 sicut
351 3844 411 3906 per
430 3824 647 3904 cognitiones
666 3825 736 3888 veri
752 3834 788 3888 et
811 3822 1008 3888 affedtiones
1026 3823 1108 3887 boni
1126 3821 1365 3905 perficiuntur;

246 3931 283 3986 et
302 3929 426 4003 postea
445 3929 741 4000 repraesentatum
760 3929 814 3984 est
836 3919 946 4003 qualis
965 3927 1019 3982 est
1035 3918 1184 3999 genuina
1202 3917 1366 3982 innocen·

246 4018 307 4091 tia,
328 4035 388 4098 per
407 4013 669 4096 pulcherrimum
688 4014 853 4078 infantem
872 4033 1009 4095 prorsus
1027 4013 1140 4075 vivum
1157 4021 1193 4075 et
1217 4011 1365 4073 nudum:

246 4111 310 4194 ipsi
322 4109 413 4173 enim
425 4109 637 4184 innocentes,
651 4109 706 4190 qui
718 4119 798 4172 sunt
810 4109 844 4172 in
857 4107 978 4172 intimo
990 4105 1097 4184 caelo,
1110 4115 1147 4169 et
1159 4105 1206 4168 sic
1220 4103 1368 4186 proximi

247 4205 408 4277 Domino,
433 4223 548 4268 coram
571 4205 678 4268 oculis
700 4203 843 4266 aliorum
866 4201 1069 4282 angelorum
1099 4219 1168 4264 non
1198 4205 1368 4282 apparent

247 4299 348 4364 aliter
360 4319 400 4363 ac
416 4299 574 4372 infantes,
589 4309 625 4363 et
638 4299 801 4381 ¹¹¹quidem
819 4297 911 4372 nudi,
926 4315 1004 4360 nam
1021 4295 1219 4358 innocentia
1231 4311 1367 4373 reprae-

248 4405 405 4458 sentatur
427 4415 489 4476 per
511 4395 703 4458 nuditatem
720 4413 822 4476 quam
842 4412 910 4455 non
929 4391 1158 4466 erubescunt;
1183 4397 1221 4452 ut
1244 4387 1370 4468 legitur

248 4490 291 4552 de
311 4491 421 4570 primo
441 4489 592 4552 Homine
611 4499 647 4553 et
670 4489 744 4570 ejus
763 4488 886 4553 Uxore
908 4485 941 4548 in
965 4485 1127 4548 Paradiso
1147 4482 1277 4565 (Genes.
1294 4499 1367 4561 cap.
1441 4546 1444 4555 ,

247 4584 279 4646 ii.
306 4585 385 4666 25);
417 4595 625 4668 quapropter
647 4585 763 4656 etiam,
785 4601 861 4645 cum
882 4589 995 4645 status
1013 4577 1232 4643 innocentiae
1252 4593 1369 4639 eorum
