3350 5366
298 619 361 704 336
615 635 666 686 nn
688 633 816 686 custo
839 635 887 685 sn
910 634 1093 688 mesano.

294 805 346 870 ita
357 823 427 870 non
439 825 486 870 ex
497 803 565 870 lide
577 804 641 869 nisi
654 813 820 888 quantum
833 801 918 868 fides
929 803 1037 870 trahit
1053 825 1100 870 ex
1111 823 1239 870 amore.
1283 803 1415 875 Dolent

294 900 422 982 angeli,
446 901 539 983 quod
561 900 663 964 iidem
688 918 758 962 non
780 900 893 963 sciant
911 901 1004 982 quod
1027 899 1102 964 sola
1124 899 1208 965 fides
1230 898 1321 983 apud
1350 901 1415 966 ali·

294 1013 396 1079 quem
418 1015 488 1058 non
511 995 635 1059 dabilis
661 994 718 1068 sit,
741 994 905 1076 quoniam
928 992 1013 1058 fides
1035 995 1165 1078 absque
1188 995 1319 1078 origine
1341 1016 1413 1070 sua,

294 1111 381 1175 quae
404 1100 458 1156 est
476 1109 584 1166 amor,
604 1099 657 1153 est
681 1089 785 1152 modu
804 1089 959 1164 scientia,
979 1099 1016 1154 et
1038 1091 1129 1172 apud
1147 1093 1314 1173 quosdam
1337 1111 1414 1174 per·

293 1187 466 1250 suasivum
489 1185 569 1268 quid
599 1184 691 1267 quod
722 1185 888 1248 mentitur
916 1183 1019 1248 fidem
1044 1183 1218 1268 (videatur
1246 1207 1359 1269 supra,
1380 1207 1413 1250 n.

291 1279 371 1364 482)
388 1303 396 1360 ;
420 1281 511 1364 quod
528 1281 760 1363 persuasivum
777 1299 845 1343 non
861 1289 915 1343 est
929 1281 963 1344 in
979 1281 1050 1344 vita
1066 1280 1223 1356 hominis,
1235 1283 1296 1345 sed
1312 1291 1414 1346 extra

292 1377 398 1452 illam,
418 1395 498 1439 nam
528 1385 707 1458 separatur
736 1375 780 1437 ab
809 1373 960 1450 homine,
987 1376 1017 1438 si
1046 1395 1115 1440 non
1143 1376 1308 1440 cohaeret
1335 1395 1412 1440 cum

291 1491 419 1536 amore.
465 1471 569 1536 Porro
585 1471 759 1545 dixerunt,
777 1469 868 1553 quod
884 1471 941 1553 qui
957 1470 992 1534 in
1011 1471 1074 1535 tali
1093 1472 1257 1554 principio
1273 1483 1354 1536 sunt
1370 1473 1414 1538 de

291 1565 469 1630 essentiali
488 1567 602 1629 medio
619 1564 740 1628 salutis
756 1564 846 1646 apud
865 1564 1053 1640 hominem,
1071 1585 1140 1630 non
1159 1565 1260 1630 aliter
1278 1567 1412 1650 possint

291 1681 393 1744 quam
413 1662 552 1751 cqedere
571 1659 806 1723 immediatam
825 1661 1103 1736 misericordiam,
1123 1661 1202 1743 quia
1222 1663 1413 1743 percipiunt

291 1777 337 1819 ex
354 1755 501 1820 naturali
518 1755 655 1828 lumine,
672 1763 708 1817 et
724 1773 859 1836 quoque
874 1775 921 1817 ex
940 1755 1061 1818 visuali
1075 1757 1302 1836 experientia,
1319 1757 1412 1838 quod

291 1850 376 1915 fides
398 1859 559 1933 separata
581 1869 650 1912 non
673 1848 777 1912 saciat
799 1849 907 1912 vitam
930 1847 1088 1924 hominis,
1108 1851 1269 1932 quoniam
1292 1851 1411 1914 simili·

290 1957 346 2010 ter
368 1948 523 2028 cogitare
557 1953 594 2008 et
626 1944 690 2007 sibi
713 1943 920 2026 persuadere
942 1953 1086 2026 possunt
1110 1945 1159 2007 illi
1192 1945 1249 2027 qui
1284 1945 1411 2010 malam

289 2042 398 2104 vitam
421 2049 552 2122 agunt;
586 2040 666 2102 inde
695 2047 760 2114 est,
785 2037 877 2120 quod
901 2038 1061 2102 credatur
1083 2039 1173 2122 quod
1198 2039 1279 2102 mali
1302 2060 1410 2122 aeque

288 2136 414 2199 salvari
434 2136 569 2218 possint
592 2153 632 2198 ac
656 2133 748 2208 boni,
769 2133 874 2196 modo
903 2134 937 2196 in
960 2133 1079 2198 mortis
1098 2134 1183 2197 hora
1212 2155 1258 2197 ex
1288 2133 1412 2198 fiducia

289 2231 475 2313 loquantur
498 2229 541 2294 de
563 2228 822 2303 intercessione,
843 2237 879 2292 et
902 2227 945 2292 de
969 2229 1200 2292 misericordia
1223 2229 1410 2312 perillam.

289 2326 507 2390 Fatebantur
530 2323 656 2407 angeli,
676 2322 768 2406 quod
791 2322 903 2386 adhuc
927 2324 1099 2386 neminem
1118 2323 1267 2388 viderint
1290 2343 1410 2406 recep-

288 2431 364 2486 tum
383 2421 417 2484 in
433 2419 578 2494 caelum,
596 2419 652 2502 qui
671 2417 762 2482 male
777 2419 925 2493 vixerat,
942 2439 988 2482 ex
1004 2417 1203 2482 immediata
1219 2419 1409 2484 misericor·

288 2517 357 2591 dia,
377 2525 549 2597 utcunque
573 2534 619 2577 ex
642 2513 766 2576 fiducia
787 2533 848 2576 seu
870 2511 1089 2586 confidentia,
1114 2533 1201 2594 quae
1224 2512 1410 2593 perfidem

287 2611 324 2674 in
346 2611 521 2674 eminente
548 2629 651 2672 sensu
674 2607 891 2689 intelligitur,
916 2605 1050 2670 locutus
1073 2606 1182 2670 suerat
1213 2607 1246 2672 in
1271 2609 1409 2672 mundo.

289 2705 348 2769 Ad
367 2705 677 2785 interrogationem
696 2703 740 2766 de
757 2701 971 2776 Abrahamo,
992 2700 1103 2776 Isaco,
1121 2700 1264 2784 Jacobo,
1284 2711 1321 2766 et
1338 2701 1415 2766 Da·-

288 2801 379 2874 vide,
396 2799 507 2881 deque
522 2797 715 2881 Apostolis,
733 2817 849 2860 annon
868 2796 917 2860 illi
930 2797 1063 2878 recepti
1082 2795 1205 2860 fuerint
1222 2798 1257 2860 in
1275 2795 1409 2862 caelum

289 2915 335 2959 ex
370 2894 573 2958 immediata
604 2891 848 2966 misericordia,
876 2891 1139 2972 responderunt,
1170 2891 1263 2974 quod
1296 2891 1410 2956 nullus

287 3009 427 3067 eorum;
462 2999 498 3052 et
529 2988 621 3071 quod
648 2987 877 3069 unusquisque
899 2985 1086 3049 secundum
1116 2987 1223 3050 vitam
1250 3005 1346 3050 suam
1376 2988 1410 3050 in

288 3086 418 3150 mundo
432 3105 440 3162 ;
463 3094 500 3148 et
516 3083 607 3166 quod
621 3082 732 3145 sciant
745 3081 883 3144 ubinam
900 3089 1003 3158 sunt;
1027 3089 1063 3142 et
1079 3080 1171 3162 quod
1188 3079 1233 3142 ibi
1250 3099 1319 3146 non
1333 3079 1410 3161 plus

287 3183 322 3244 in
352 3179 595 3244 aestimatione
618 3177 699 3251 sint,
719 3194 821 3258 quam
845 3173 922 3238 alii:
956 3173 1048 3257 quod
1071 3175 1252 3238 memorati
1275 3175 1345 3237 sint
1375 3174 1408 3238 in

288 3275 408 3339 Verbo
430 3293 507 3338 cum
530 3272 672 3346 honore,
693 3271 856 3334 dixerunt
875 3287 1015 3332 causam
1037 3289 1125 3344 esse,
1145 3269 1224 3351 quia
1248 3287 1307 3350 per
1330 3267 1409 3334 illos

287 3371 322 3434 in
339 3389 442 3434 sensu
457 3369 592 3432 interno
607 3364 813 3446 intelligitur
825 3363 1012 3441 Dominus;
1037 3383 1098 3446 per
1111 3368 1131 3398 ‘⁶
1141 3361 1409 3438 Abrahamum,”

289 3462 483 3538 “Isaeum''
512 3469 549 3526 et
579 3457 803 3543 “jacobum''
833 3457 1000 3522 Dominus
1029 3457 1142 3540 quoad
1173 3457 1334 3522 Divinum
1367 3475 1408 3522 ac

286 3559 450 3636 Divinum
485 3555 703 3633 Humanum
738 3575 799 3638 per
834 3551 1062 3617 “Davidem''
1092 3552 1260 3616 Dominus
1293 3554 1408 3636 quoad

288 3653 451 3717 Divinum
471 3648 644 3733 Regium;
679 3659 715 3714 et
745 3669 806 3732 per
826 3646 1052 3730 “Apostolos
1063 3645 1079 3672 ”
1099 3645 1265 3711 Dominus
1294 3648 1409 3730 quoad

287 3747 413 3811 Divina
428 3746 522 3810 Vera
537 3767 545 3823 ;
569 3756 604 3810 et
620 3745 711 3829 quod
728 3763 866 3827 prorsus
882 3762 952 3807 non
969 3742 1203 3825 appercipiant
1220 3742 1347 3826 aliquid
1364 3742 1408 3806 de

286 3841 355 3906 illis
370 3861 447 3906 cum
464 3839 591 3922 legitur
603 3839 757 3903 Verbum
774 3839 818 3902 ab
833 3837 983 3912 homine,
996 3837 1156 3919 quoniam
1173 3838 1312 3900 nomina
1330 3835 1407 3900 illo·

286 3955 362 4000 rum
380 3955 450 4000 non
469 3937 600 3999 intrant
619 3933 777 4011 caelum;
811 3933 872 3996 sed
896 3952 958 4015 pro
980 3931 1048 3996 illis
1072 3929 1262 4013 percipiant
1286 3929 1407 3994 Domi·

286 4049 380 4106 num,
398 4041 435 4095 ut
454 4049 536 4093 mox
557 4026 685 4094 ditium
705 4037 782 4106 est;
806 4037 842 4092 et
861 4026 952 4110 quod
971 4027 1048 4090 ideo
1068 4026 1101 4088 in
1121 4024 1239 4090 Verbo
1258 4025 1349 4109 quod
1372 4026 1406 4090 in

286 4125 386 4190 caelo
408 4135 473 4201 est,
494 4125 537 4188 de
560 4145 629 4207 quo
652 4143 754 4206 supra
778 4121 827 4205 (n.
851 4119 941 4203 259),
965 4120 1086 4184 nullibi
1109 4121 1291 4184 memorati
1314 4120 1406 4199 sint;

286 4221 449 4304 quoniam
471 4219 506 4283 id
522 4216 677 4283 Verbum
696 4227 750 4282 est
774 4236 895 4280 sensus
918 4217 1073 4280 internus
1092 4212 1197 4278 Verbi
1220 4215 1254 4278 in
1278 4214 1407 4278 mundo

286 4313 393 4380 estl‘sl

676 4501 725 4556 [lu
737 4510 834 4544 mm·
846 4499 1017 4552 emunt}

343 4595 395 4665 (cc)
421 4593 511 4670 Quod
526 4589 1406 4668 per‘⁴Abrahamum,'’“lsacum,¹'et“Jacobum,''insensu
1444 4603 1449 4612 ·
