3382 5358
349 655 400 706 DE
419 653 707 706 MUTATIONIBUS
725 652 868 705 smus
887 651 1129 704 ANGELORUM
1147 651 1187 702 IN
1204 649 1342 702 cnuto.
1365 651 1405 720 95

352 829 451 912 156.
481 825 566 892 Cum
585 835 681 891 statu
699 825 896 890 interiorum
916 845 1001 908 quae
1020 832 1100 888 sunt
1119 824 1244 886 amoris
1262 832 1299 887 et
1317 823 1391 904 sapi

287 922 401 984 entiae
419 920 630 1004 angelorum,
652 929 826 984 mutantur
848 921 953 984 etiam
976 928 1088 983 status
1111 919 1278 982 variarum
1297 935 1407 982 rerum

287 1037 373 1100 quae
386 1027 488 1081 extra
499 1016 577 1080 illos
591 1026 681 1091 sunt,
695 1025 731 1080 et
743 1034 858 1079 coram
872 1014 979 1078 oculis
991 1034 1107 1078 eorum
1120 1022 1287 1095 apparent
1300 1034 1308 1092 ;
1329 1031 1407 1076 nam

286 1113 346 1176 illa
367 1125 460 1194 quae‘
477 1122 580 1176 extra
601 1111 679 1175 illos
703 1120 793 1186 sunt,
818 1111 1006 1174 sortiuntur
1028 1110 1408 1191 apparentiamsecun·

286 1209 367 1271 dum
389 1207 449 1271 illa
472 1227 558 1290 quae
577 1207 667 1270 intra
686 1205 762 1270 illos
781 1217 882 1270 sunt:
911 1206 972 1269 sed
996 1225 1164 1288 quaenam
1183 1204 1242 1268 illa
1261 1214 1352 1280 sunt,
1372 1214 1409 1268 et

286 1303 410 1386 qualia,
434 1301 469 1365 in
492 1303 715 1384 sequentibus
738 1301 901 1376 articulis,
926 1300 982 1364 ubi
1012 1299 1065 1364 De
1091 1299 1410 1383 Repraesentativis

285 1407 322 1463 et
341 1397 565 1480 Apparentiis
584 1399 616 1462 in
637 1397 754 1474 Caelo,
774 1397 916 1460 dicetur.

349 1505 443 1578 157.
476 1491 719 1576 Unusquisque
749 1491 893 1574 angelus
926 1489 1016 1555 tales
1050 1489 1263 1554 mutationes
1296 1498 1408 1552 status

285 1587 378 1651 subit
396 1597 432 1652 et
451 1589 627 1669 percurrit,
648 1597 684 1650 et
706 1607 840 1670 quoque
859 1587 1066 1669 uuaquaevis
1085 1585 1233 1650 societas
1255 1584 1289 1648 in
1312 1603 1407 1648 com·

285 1683 388 1757 muni,
409 1682 470 1745 sed
490 1703 594 1764 usque
613 1701 700 1745 unus
719 1683 765 1744 ibi
784 1681 882 1744 aliter
900 1700 1002 1763 quam
1021 1680 1122 1756 alter,
1142 1699 1188 1743 ex
1207 1699 1311 1743 causa
1329 1680 1408 1762 quia

284 1776 443 1842 differunt
460 1797 577 1841 amore
593 1787 629 1841 et
645 1777 834 1860 sapientia3
858 1785 938 1838 sunt
954 1777 1045 1838 enim
1061 1777 1117 1857 qui
1133 1776 1167 1838 in
1184 1775 1299 1840 medio
1314 1784 1406 1848 sunt,

283 1874 317 1936 in
341 1869 531 1954 perlestiori
554 1882 650 1937 statu
672 1891 774 1954 quam
798 1872 854 1955 qui
883 1871 1010 1934 circum
1034 1890 1140 1952 usque
1163 1869 1207 1932 ad
1241 1871 1407 1934 terminos

286 1967 457 2050 (videatur
479 1989 591 2050 supra,
611 1987 643 2030 n.
663 1963 730 2048 ¹¹¹43
760 1977 796 2031 et
824 1965 921 2048 128):
951 1966 1013 2028 sed
1035 1964 1246 2028 differentias
1269 1965 1406 2028 tradere

284 2063 457 2145 prolixum
475 2063 584 2141 ioret3
614 2081 694 2126 nam
716 2063 858 2144 quisque
877 2061 1088 2123 mutationes
1106 2059 1198 2123 subit
1217 2060 1404 2122 secundum

227 2218 231 2227 ,
285 2157 384 2240 quale
401 2159 451 2221 sui
474 2159 600 2222 amoris
619 2167 656 2221 et
678 2177 758 2220 suae
778 2155 866 2220 fidei.
911 2155 997 2218 Inde
1016 2154 1065 2228 fit,
1086 2154 1177 2237 quod
1197 2173 1283 2218 unus
1302 2155 1346 2217 sit
1369 2156 1403 2218 in

283 2272 345 2316 suo
363 2252 458 2317 claro
476 2262 511 2316 et
528 2251 679 2333 jucundo
696 2270 772 2315 cum
788 2249 878 2314 alter
895 2259 950 2312 est
970 2251 1003 2311 in
1023 2269 1084 2312 suo
1100 2249 1245 2313 obscuro
1265 2259 1300 2312 et
1319 2248 1403 2330 inju-

283 2347 397 2410 cundo
413 2367 420 2425 ;
444 2355 479 2410 et
499 2346 565 2409 hoc
581 2345 680 2409 simul
696 2345 787 2409 intra
802 2345 949 2409 eandem
965 2341 1169 2408 societatem
1183 2365 1190 2421 ;
1214 2353 1250 2407 et
1268 2363 1403 2426 quoque

283 2441 316 2504 in
337 2461 403 2505 una
422 2441 589 2504 societate
609 2440 711 2504 aliter
728 2459 830 2522 quam
849 2440 883 2502 in
903 2437 1032 2516 altera3
1060 2458 1099 2502 ac
1124 2439 1157 2502 in
1181 2439 1404 2502 societatibus

283 2536 380 2617 regni
400 2535 561 2598 caelestis
580 2533 680 2598 aliter
703 2553 804 2618 quam
828 2535 861 2597 in
885 2533 1109 2597 societatibus
1128 2535 1226 2616 regni
1245 2534 1403 2614 spiritua·

283 2630 334 2695 lis.
391 2630 612 2694 Differentiae
642 2631 870 2693 mutationum
899 2638 1012 2693 status
1039 2629 1175 2692 illorum
1208 2629 1241 2692 in
1276 2647 1404 2710 genere

283 2736 363 2790 sunt
386 2727 474 2790 sicut
493 2725 702 2788 variationes
721 2733 832 2788 status
851 2725 981 2788 dierum
1004 2725 1037 2786 in
1061 2743 1128 2787 uno
1148 2723 1286 2786 climate
1309 2733 1345 2788 et
1368 2725 1402 2786 in

282 2821 393 2886 altero
411 2823 446 2885 in
465 2820 589 2885 tellure
605 2841 613 2898 3
637 2821 682 2883 ibi
701 2820 792 2883 enim
812 2830 891 2883 sunt
910 2821 966 2902 qui
986 2839 1087 2882 mane
1102 2819 1231 2882 habent
1250 2837 1326 2882 cum
1346 2819 1403 2882 alii

281 2935 472 2998 vesperam,
491 2925 527 2980 et
550 2933 685 2998 quoque
704 2916 761 2998 qui
785 2914 935 2978 calorem
955 2933 1031 2978 cum
1055 2913 1112 2978 alii
1134 2913 1249 2995 frigus,
1270 2924 1305 2978 et
1328 2915 1403 2977 vice

284 3031 394 3075 versa.

346 3105 443 3190 158.
473 3104 681 3170 informatus
710 3123 784 3168 sum
814 3125 833 3168 e
866 3103 964 3168 caelo
994 3123 1052 3166 cur
1081 3101 1170 3167 tales
1193 3106 1402 3170 mutationes

281 3210 392 3284 status
406 3201 450 3264 ibi
460 3211 550 3264 sunt.
592 3199 763 3264 Dixerunt
776 3199 901 3280 angeli,
912 3199 1003 3281 quod
1014 3200 1128 3279 plures
1138 3219 1260 3263 causae
1270 3200 1339 3264 sint
1350 3221 1404 3263 :-

281 3293 414 3370 Prima,
434 3296 525 3377 quod
552 3294 738 3376 jucundum
757 3295 849 3358 vitae
878 3303 914 3357 et
944 3293 1040 3369 caeli,
1061 3295 1152 3377 quod
1175 3293 1242 3356 illis
1271 3305 1325 3359 est
1356 3317 1402 3359 ex

281 3409 397 3454 amore
416 3399 451 3454 et
470 3391 649 3470 sapientia,
669 3409 756 3472 quae
775 3409 795 3452 a
815 3389 976 3463 Domino,
994 3409 1053 3470 per
1070 3389 1197 3470 gradus
1209 3388 1400 3464 vilesceret,

281 3485 308 3546 si
328 3485 491 3548 continue
514 3485 547 3548 in
571 3484 631 3548 illo
653 3485 787 3562 forent3
818 3485 906 3548 sicut
929 3483 967 3546 fit
990 3483 1131 3565 illisqui
1154 3485 1188 3546 in
1211 3484 1342 3548 deliciis
1364 3498 1401 3550 et

281 3579 549 3643 amoenitatibus
572 3589 653 3643 sunt
676 3579 807 3662 absque
830 3579 1009 3642 varietate.
1053 3577 1178 3642 Altera
1203 3598 1305 3642 causa
1335 3591 1399 3654 est,

280 3674 370 3756 quod
391 3675 563 3756 proprium
582 3675 627 3738 sit
645 3695 752 3757 aeque
768 3673 836 3737 illis
854 3693 894 3737 ac
914 3673 1120 3746 hominibus,
1137 3683 1174 3737 et
1192 3675 1282 3756 quod
1302 3675 1336 3738 id
1356 3677 1416 3740 sitv

280 3789 317 3834 se
332 3789 459 3846 amare,
479 3779 515 3834 et
534 3770 625 3853 quod
645 3789 765 3834 omnes
783 3791 804 3834 a
822 3770 959 3852 proprio
975 3790 1035 3834 suo
1054 3770 1273 3834 detineantur
1292 3771 1348 3853 qui
1366 3771 1399 3834 in

280 3863 389 3942 caelo,
410 3875 446 3929 et
469 3875 635 3948 quantum
654 3865 699 3929 ab
724 3864 784 3929 illo
803 3865 1001 3930 detinentur
1030 3885 1050 3928 a
1080 3864 1239 3940 Domino,
1264 3875 1399 3929 tantum

332 4101 423 4176 Quod
437 4102 551 4158 “dioc''
563 4113 595 4158 et
612 4102 757 4159 “annus'’
773 4103 803 4158 in
822 4102 924 4158 Verbo
939 4103 1110 4175 significent
1128 4118 1234 4160 omnes
1253 4113 1349 4160 status
1369 4105 1398 4160 in

279 4189 388 4246 genere
403 4175 443 4242 (n.
457 4187 499 4244 23,
512 4173 574 4240 487,
586 4173 648 4240 488,
661 4188 721 4242 493,
735 4173 796 4243 893,
810 4173 887 4240 2788,
902 4174 980 4244 3462,
995 4173 1073 4243 4850,
1090 4173 1196 4244 ιο656).

361 4245 422 4300 uod
435 4251 451 4274 ‘⁶
461 4261 547 4300 mane
557 4245 573 4264 '⁹
585 4247 610 4299 si
655 4245 734 4300 ifieet
748 4244 925 4316 principium
939 4255 1036 4302 status
1051 4245 1128 4308 novi,
1142 4255 1174 4300 et
1189 4255 1300 4302 statum
1316 4261 1398 4303 amo·

279 4313 319 4370 ris
346 4313 588 4385 n.7216[?7218],
619 4314 681 4382 426,
696 4315 774 4382 8427,
792 4329 886 4382 10114,
904 4315 1010 4384 10134).

383 4387 423 4442 od
437 4385 606 4524 “vqsperff
622 4385 770 4458 significet
785 4395 898 4442 statum
918 4386 1084 4442 desinentis
1096 4387 1171 4443 lucis
1186 4395 1217 4443 et
1232 4388 1343 4444 amoris
1357 4389 1398 4458 (n.

282 4471 328 4512 ror
393 4469 500 4528 ¹⁰¹35·

380 4529 420 4584 od
431 4535 515 4584 “nox
524 4525 574 4584 ”sl
618 4525 698 4583 ilicet
711 4537 824 4583 statum
838 4526 949 4584 nullius
958 4529 1070 4585 amoris
1082 4537 1113 4584 et
1125 4527 1195 4585 fidei
1209 4533 1249 4598 (n.
1264 4542 1397 4599 221,709‚

279 4611 355 4668 ²353·
369 4599 447 4662 ⁶000,
460 4599 568 4666 ⁶110‚7
588 4612 630 4666 ro
646 4599 738 4670 79⁴7).
