3408 5358
318 617 381 697 276
645 629 695 680 DE
717 629 844 681 cnuto
867 631 916 681 ET
938 631 1120 684 INFERNO.

317 799 399 866 talis
422 802 455 865 in
476 801 604 865 mundo
622 801 745 878 iuerat,
766 812 803 868 ut
827 803 860 868 in
885 805 1061 872 consortio
1079 805 1247 872 bonorum
1271 829 1340 872 non
1363 829 1439 875 esse

316 899 479 980 potuerit,
498 907 580 961 tunc
597 919 731 982 quoque
747 900 791 962 ab
809 900 849 962 iis
865 903 971 983 cupit,
985 911 1021 966 et
1037 901 1102 966 hoc
1119 903 1252 966 tamdiu
1268 915 1306 969 et
1322 907 1438 980 toties,

316 1012 422 1075 usque
445 992 527 1056 dum
554 1013 591 1056 se
615 995 766 1058 associat
790 993 928 1070 talibus,
949 995 1004 1079 qui
1031 997 1123 1061 vitae
1148 995 1218 1078 ejus
1247 999 1281 1062 in
1311 1001 1438 1064 mundo

316 1105 454 1170 prorsus
484 1089 707 1165 conveniunt,
736 1090 827 1172 apud
857 1111 944 1174 quos
970 1092 1080 1155 vitam
1110 1113 1206 1156 suam
1237 1095 1379 1170 invenit,
1403 1108 1438 1162 et

316 1191 410 1259 tunc,
431 1185 522 1266 quod
543 1185 675 1260 mirum,
695 1184 841 1248 similem
860 1187 967 1250 vitam
987 1187 1070 1268 agit,
1084 1187 1220 1270 qualem
1239 1189 1273 1252 in
1291 1192 1427 1255 mundo.

379 1295 476 1363 451.
506 1277 575 1342 Sed
598 1277 664 1343 hoc
687 1280 869 1344 exordium
888 1281 981 1344 vitae
1004 1280 1153 1345 hominis
1177 1292 1256 1365 post
1280 1294 1436 1361 mortem,

316 1392 386 1436 non
403 1383 536 1456 perstat
549 1375 638 1439 ultra
651 1394 752 1458 quam
770 1395 831 1457 per
846 1375 980 1458 aliquot
996 1376 1080 1440 dies.
1125 1373 1310 1459 Quomodo
1323 1390 1438 1444 autem

315 1469 394 1532 dein
414 1469 612 1552 perducitur
630 1471 675 1534 ab
693 1491 761 1534 uno
778 1480 873 1534 statu
891 1472 925 1534 in
944 1469 1103 1547 alterum,
1120 1482 1155 1537 et
1176 1473 1313 1536 demum
1330 1475 1384 1538 vel
1404 1475 1437 1538 in

315 1564 450 1628 caelum
469 1565 525 1630 vel
544 1567 578 1628 in
598 1565 775 1640 infernum,
795 1567 829 1628 in
849 1567 1072 1649 sequentibus
1091 1567 1223 1630 dicetur
1235 1589 1244 1646 ;
1267 1567 1333 1632 hoc
1353 1575 1436 1653 quo·

314 1677 380 1743 que
401 1681 461 1742 per
480 1659 625 1724 multam
644 1661 897 1743 experientiam
916 1661 1002 1724 scire
1022 1662 1141 1724 datum
1160 1671 1225 1726 est.

376 1769 475 1838 452.
506 1755 659 1820 Locutus
676 1777 749 1818 sum
766 1775 842 1818 cum
860 1755 1062 1838 quibusdam
1079 1759 1184 1820 tertio
1197 1757 1251 1820 die
1268 1768 1346 1840 post
1363 1759 1436 1823 obi·

314 1858 388 1913 tum
418 1871 547 1927 eorum,
576 1861 611 1914 et
642 1861 724 1914 tunc
756 1849 826 1925 illa,
847 1851 889 1914 de
920 1850 1041 1933 quibus
1065 1871 1167 1933 supra
1192 1851 1240 1934 (n.
1262 1871 1337 1934 449,
1356 1853 1435 1936 450)

313 1941 453 2026 peradia
472 1956 574 2024 sunt;
605 1965 682 2008 cum
701 1947 810 2010 tribus
829 1946 946 2019 etiam,
966 1947 1023 2028 qui
1046 1946 1080 2009 in
1104 1948 1233 2010 mundo
1256 1949 1338 2011 mihi
1362 1949 1437 2012 noti

276 2067 282 2078 ·
312 2039 459 2114 suerunt,
480 2041 600 2123 quibus
617 2041 762 2114 narravi,
782 2041 874 2122 quod
898 2042 1085 2123 exsequiae
1105 2061 1194 2104 nunc
1215 2053 1377 2123 parentur
1399 2053 1437 2108 ut

313 2153 436 2217 corpus
452 2155 568 2199 eorum
582 2135 789 2217 sepeliatur:
815 2135 898 2210 dixi,
913 2145 950 2198 ut
966 2136 1176 2217 sepeliantur
1189 2157 1197 2214 ;
1221 2157 1290 2220 quo
1305 2138 1435 2214 audito,

312 2229 459 2312 perculsi
487 2239 567 2292 sunt
597 2231 746 2312 quodam
777 2240 930 2312 stupore,
955 2229 1111 2292 dicentes
1133 2230 1225 2312 quod
1248 2231 1378 2308 vivant,
1400 2241 1435 2296 at

312 2323 522 2388 intumulent
546 2325 579 2387 id
602 2325 694 2406 quod
718 2325 944 2388 inserviverat
971 2323 1038 2387 illis
1068 2325 1102 2387 in
1126 2325 1265 2389 mundo.
1312 2325 1437 2390 Postea

313 2420 427 2482 mirati
452 2430 533 2482 sunt
563 2419 676 2496 valde,
697 2418 800 2502 quod,
824 2438 901 2482 cum
932 2419 1096 2482 vixerunt
1126 2419 1160 2482 in
1191 2438 1346 2499 corpore,
1368 2441 1436 2484 non

312 2513 521 2578 crediderint
541 2514 648 2578 talem
672 2516 779 2578 vitam
803 2523 882 2596 post
905 2523 1065 2589 mortem,
1090 2523 1125 2578 et
1156 2515 1321 2596 imprimis
1345 2517 1435 2597 quod

312 2609 403 2672 intra
422 2610 604 2672 ecclesiam
624 2629 733 2691 paene
752 2629 883 2672 omnes.
930 2608 983 2671 illi
1002 2609 1059 2691 qui
1079 2628 1148 2672 non
1165 2609 1383 2673 crediderunt
1401 2611 1435 2672 in

311 2705 441 2766 mundo
461 2704 610 2786 aliquam
633 2705 739 2767 vitam
762 2705 896 2767 animae
927 2712 1006 2784 post
1034 2704 1143 2766 vitam
1173 2705 1337 2784 corporis,
1359 2723 1435 2767 cum

312 2800 593 2863 animadvertunt
608 2819 644 2861 se
661 2799 787 2872 vivere,
799 2798 901 2861 valde
918 2795 1094 2880 pudefiunt
1111 2817 1119 2859 :
1143 2798 1204 2861 sed
1218 2797 1267 2860 illi
1284 2799 1340 2880 qui
1352 2817 1434 2861 con·

312 2892 533 2957 firmaverunt
551 2915 587 2956 se
603 2895 637 2955 in
657 2915 709 2966 eo,
727 2895 968 2956 consociantur
983 2892 1160 2966 similibus,
1178 2903 1214 2956 et
1233 2903 1436 2974 separantur

312 2989 441 3052 abillis
460 2991 516 3071 qui
545 2991 578 3052 in
603 2988 669 3051 fide
687 2989 844 3066 suerunt;
875 2987 1098 3069 utplurimum
1117 2987 1303 3068 alligantur
1326 2989 1434 3051 socie·

312 3085 378 3148 tati
398 3085 533 3147 cuidam
553 3083 719 3160 infernali,
739 3083 817 3166 quia
839 3081 927 3145 tales
946 3083 1052 3146 etiam
1069 3093 1240 3163 negarunt
1261 3083 1433 3158 Divinum,

313 3190 348 3244 et
365 3189 648 3260 contempserunt
665 3198 745 3240 vera
758 3177 946 3254 ecclesiae3
967 3185 1133 3259 quantum
1150 3178 1241 3239 enim
1258 3177 1381 3260 aliquis
1397 3197 1434 3240 se

313 3273 494 3338 confirmat
516 3284 639 3338 contra
668 3275 776 3337 vitam
807 3293 889 3336 suae
918 3272 1053 3334 animae
1080 3281 1271 3347 aeternam,
1298 3281 1434 3335 tantum

312 3391 447 3456 quoque
474 3391 511 3434 se
541 3367 721 3432 confirmat
745 3377 868 3432 contra
894 3366 954 3430 illa
975 3386 1062 3450 quae
1085 3366 1172 3431 caeli
1201 3375 1238 3431 et
1267 3367 1435 3432 ecclesiae

313 3477 404 3530 sunt.

781 3823 961 3912 [xuni]

314 4017 428 4100 Quor>
453 4017 572 4082 Houo
594 4027 687 4079 rosc
710 4013 883 4077 Moursu
907 4023 965 4074 srr
996 4023 1037 4074 m
1071 4021 1269 4073 rensuum
1293 4007 1435 4072 Fouua

783 4107 969 4172 Huunun.

381 4309 478 4382 453.
508 4293 611 4378 Quod
629 4294 739 4358 forma
758 4291 897 4374 spiritus
916 4289 1065 4354 hominis
1084 4288 1129 4352 sit
1149 4287 1257 4352 sorma
1273 4285 1434 4358 humana,

313 4415 373 4459 seu
391 4391 483 4475 quod
503 4392 641 4474 spiritus
660 4389 705 4453 sit
723 4387 829 4452 homo
848 4387 952 4450 etiam
968 4385 1082 4467 quoad
1100 4383 1255 4458 sormam,
1275 4393 1436 4445 constare

314 4499 432 4573 potest
463 4507 509 4552 ex
538 4485 616 4562 illis,
637 4505 725 4568 quae
754 4484 787 4547 in
815 4481 966 4565 pluribus
990 4479 1141 4544 articulis
1172 4497 1273 4559 supra
1295 4485 1435 4539 ostensa

314 4596 414 4662 sunt;
446 4582 611 4666 imprimis
632 4582 666 4644 in
690 4579 757 4645 illis
781 4579 836 4642 ubi
860 4587 1036 4642 ostensum
1059 4584 1124 4648 est,
1142 4572 1233 4656 quod
1256 4571 1435 4654 unusquis·
