3408 5358
616 625 709 691 Qum
735 625 893 678 nunnus
916 599 1132 679 sumnum.
1375 615 1436 698 267

316 805 492 860 stercorea
519 795 685 860 advolant
718 805 754 860 et
787 805 979 862 accurrunt.
1024 795 1153 860 Audivi
1182 795 1331 880 aliquem
1364 798 1435 862 alte

315 891 574 956 exclamantem
591 892 679 956 sicut
699 912 744 954 ex
760 891 949 955 intrinseco
965 893 1128 968 cruciatu,
1142 911 1217 956 cum
1234 893 1323 956 leriit
1339 893 1434 956 illum

315 987 443 1051 halitus
466 986 607 1050 effluens
630 1007 649 1052 e
672 987 792 1064 caelo;
822 1005 862 1050 ac
887 986 1111 1070 tranquillum
1134 997 1170 1052 et
1194 987 1336 1065 laetum,
1357 1009 1435 1052 cum

314 1081 457 1147 feriebat
476 1082 571 1145 illum
591 1081 720 1145 halitus
738 1081 881 1146 effluens
900 1103 945 1146 ex
964 1082 1106 1146 inferno.

376 1191 480 1260 43⁰.
510 1175 598 1241 Sunt
621 1178 729 1242 etiam
748 1177 839 1259 apud
859 1178 1120 1260 unumquemvis
1138 1177 1314 1242 bominem
1333 1177 1446 1243 binae

313 1281 444 1354 portae,
462 1291 604 1354 quarum
620 1291 687 1334 una
703 1281 802 1354 patet
819 1271 863 1336 ad
880 1271 1058 1348 infernum,
1072 1281 1109 1335 et
1128 1281 1249 1355 aperta
1265 1282 1319 1335 est
1336 1272 1434 1336 malis

313 1377 349 1431 et
368 1365 462 1430 salsis
477 1367 577 1445 inde;
601 1365 712 1430 altera
728 1376 829 1449 porta
848 1375 947 1449 patet
964 1387 1081 1430 versus
1097 1367 1243 1442 caelum,
1261 1375 1297 1430 et
1314 1377 1434 1449 aperta

312 1469 367 1526 est
386 1461 486 1524 bonis
505 1471 541 1526 et
561 1463 650 1525 veris
668 1462 760 1524 inde.
811 1461 916 1526 Porta
934 1462 1055 1526 inferni
1074 1471 1196 1544 aperta
1214 1471 1269 1526 est
1292 1461 1433 1546 illisqui

312 1565 393 1620 sunt
422 1558 456 1620 in
480 1556 574 1620 malo
596 1567 632 1621 et
652 1557 731 1621 inde
749 1556 848 1632 salso,
868 1567 905 1621 et
931 1565 1068 1622 tantum
1088 1576 1148 1639 per
1166 1557 1268 1620 rimas
1287 1577 1433 1638 superne

312 1649 438 1735 aliquid
454 1652 540 1714 lucis
558 1672 578 1716 e
597 1651 696 1716 caelo
712 1651 830 1727 influit,
848 1671 908 1734 per
926 1669 1029 1735 quem
1048 1651 1213 1714 influxum
1229 1651 1335 1716 homo
1353 1661 1431 1734 pot·

311 1755 365 1811 est
381 1746 548 1828 cogitare,
561 1747 757 1811 ratiocinari
772 1756 809 1810 et
828 1745 941 1830 loqui;
965 1755 1066 1828 porta
1082 1757 1199 1810 autem
1213 1747 1299 1810 caeli
1312 1757 1433 1828 aperta

310 1841 451 1906 estillic
470 1843 526 1924 qui
549 1843 583 1905 in
602 1843 696 1906 bono
719 1851 754 1906 et
777 1841 857 1906 inde
875 1861 960 1906 vero
977 1851 1069 1906 sunt.
1113 1840 1201 1906 Sunt
1220 1844 1311 1906 enim
1331 1843 1431 1906 binae

309 1939 386 2002 viae
415 1957 504 2020 quae
530 1937 660 2002 ducunt
690 1938 735 2001 ad
764 1945 916 2002 mentem
939 1937 1088 2001 hominis
1116 1937 1342 2016 rationalem3
1376 1938 1432 2000 via

309 2034 464 2115 superior
481 2053 541 2100 seu
563 2033 700 2096 interna
719 2051 899 2115 perquam
919 2034 1028 2096 intrat
1052 2031 1181 2096 bonum
1205 2041 1241 2096 et
1263 2051 1381 2096 verum
1411 2052 1432 2096 a

311 2127 473 2203 Domino,
491 2137 527 2192 et
551 2128 606 2191 via
628 2127 766 2192 inferior
784 2147 844 2191 seu
862 2137 1022 2202 externa,
1042 2147 1103 2208 per
1125 2146 1227 2210 quam
1247 2127 1373 2190 malum
1394 2137 1430 2191 et

307 2223 430 2286 falsum
447 2224 644 2288 subintrant
664 2223 708 2286 ab
725 2222 868 2286 inferno.
914 2213 1001 2305 Ips'a.
1013 2241 1111 2286 mens
1126 2222 1305 2286 rationalis
1323 2231 1377 2286 est
1395 2223 1429 2286 in

308 2317 423 2382 medio
442 2318 486 2381 ad
506 2337 608 2401 quam
627 2318 775 2382 tendunt
793 2319 889 2395 via'e;
909 2317 988 2381 inde
1006 2327 1172 2401 quantum
1190 2317 1275 2380 lucis
1293 2338 1313 2380 e
1332 2317 1430 2382 caelo

308 2413 514 2488 admittitur,
535 2421 672 2477 tantum
691 2413 798 2476 horno
815 2413 995 2476 rationalis
1018 2421 1096 2491 est3
1124 2422 1292 2496 quantum
1311 2423 1428 2476 autem

307 2527 376 2570 non
400 2509 607 2584 admittitur,
627 2515 765 2572 tantum
787 2527 858 2570 non
881 2506 1060 2571 rationalis
1083 2517 1149 2582 est,
1169 2517 1342 2590 utcunque
1364 2508 1429 2571 sibi

306 2613 483 2686 appareat.
529 2601 625 2666 Haec
644 2600 737 2666 dieta
756 2611 847 2677 sum,
867 2611 906 2666 ut
924 2621 1058 2685 quoque
1077 2603 1206 2665 sciatur
1223 2601 1333 2684 qualis
1352 2621 1428 2665 cor-

306 2698 552 2780 respondentia
568 2707 621 2761 est
638 2696 786 2761 hominis
801 2715 879 2760 cum
896 2697 994 2761 caelo
1010 2705 1045 2760 et
1063 2715 1140 2760 cum
1156 2696 1305 2760 inferno:
1330 2715 1428 2760 mens

306 2791 376 2872 ejus
413 2791 602 2867 rationalis,
641 2791 721 2855 dum
758 2793 792 2856 in
828 2791 1036 2857 formatione
1073 2802 1138 2868 est,
1178 2792 1427 2873 correspondet

306 2887 435 2951 mundo
453 2889 655 2970 spirituum;
680 2907 767 2970 quae
790 2907 893 2970 supra
915 2887 1010 2950 illam
1030 2897 1121 2962 sunt,
1142 2886 1261 2965 caelo;
1285 2897 1321 2951 et
1339 2907 1427 2969 quae

304 2981 400 3058 infra,
424 2983 574 3045 inferno:
608 2981 668 3045 illa
690 3002 777 3064 quae
800 3001 901 3064 supra
928 2981 1023 3045 illam
1050 2992 1130 3046 sunt
1157 2983 1365 3064 aperiuntur,
1389 2991 1425 3046 et

305 3096 392 3160 quae
409 3077 495 3140 inira
514 3075 608 3140 illam
627 3076 841 3152 clauduntur,
853 3095 915 3159 pro
933 3077 1063 3140 influxu
1087 3077 1222 3141 maliet
1241 3077 1316 3140 salsi
1335 3077 1425 3158 apud

304 3172 381 3236 illos
400 3173 456 3255 qui
479 3182 725 3254 praeparantur
743 3173 787 3235 ad
810 3171 966 3250 caelum;
990 3182 1026 3236 at
1045 3172 1105 3235 illa
1122 3193 1209 3255 quae
1228 3172 1313 3235 infra
1330 3172 1426 3236 illam

303 3275 383 3330 sunt
398 3267 607 3348 aperiuntur,
622 3277 657 3330 et
673 3286 761 3348 quae
778 3281 879 3347 supra
896 3265 991 3329 illam
1005 3266 1283 3348 clauduntur,pro
1295 3265 1425 3328 influxu

302 3361 384 3425 boni
401 3371 437 3426 et
453 3362 525 3424 veri
541 3361 631 3444 apud
651 3361 728 3424 illos
744 3363 800 3444 qui
819 3371 1068 3442 praeparantur
1079 3361 1122 3424 ad
1139 3360 1324 3424 infernum:
1345 3361 1424 3424 inde

302 3457 337 3520 hi
356 3477 425 3520 non
445 3455 546 3520 aliter
564 3451 720 3538 spedtare
741 3465 887 3537 possunt
910 3475 1012 3539 quam
1037 3455 1122 3518 inlra
1141 3475 1188 3530 se,
1209 3454 1274 3519 hoc
1294 3463 1359 3530 est,
1379 3456 1423 3518 ad

302 3550 490 3629 infernum;
514 3561 550 3615 et
566 3551 614 3614 illl
630 3570 698 3614 non
715 3549 816 3614 aliter
827 3569 929 3633 quam
945 3569 1048 3632 supra
1060 3571 1108 3624 se,
1122 3549 1188 3613 hoc
1205 3559 1271 3624 est,
1285 3550 1328 3612 ad
1345 3569 1423 3613 cae·

302 3645 383 3710 lum.
428 3645 715 3729 Spediaresnpra
738 3665 775 3710 se
802 3655 857 3710 est
884 3645 927 3709 ad
955 3645 1153 3722 Dominum,
1177 3645 1255 3728 quia
1282 3643 1346 3707 Ille
1369 3655 1423 3709 est

302 3751 459 3806 centrum
492 3761 685 3816 commune,
710 3743 753 3806 ad
787 3741 878 3825 quod
908 3737 1069 3824 spectant
1098 3741 1214 3804 omnia
1242 3739 1350 3804 caeli:
1386 3751 1422 3804 at

302 3835 457 3918 spectare
476 3838 562 3902 inl'ra
584 3857 620 3901 se
644 3848 698 3901 est
722 3845 813 3901 retro
831 3858 852 3901 a
871 3835 1021 3900 Domino
1040 3835 1084 3900 ad
1103 3845 1259 3901 centrum
1283 3835 1422 3918 opposi-

301 3939 385 4006 tum,
404 3931 448 3994 ad
464 3931 555 4014 quod
574 3927 733 4013 spediant
752 3940 788 3995 et
807 3937 956 4013 vergunt
975 3930 1091 3994 omnia
1109 3929 1230 3994 inferni
1250 3927 1424 4010 (videatur

301 4045 413 4108 supra,
430 4045 462 4089 n.
487 4041 555 4105 123,
579 4025 664 4106 124).

363 4133 459 4204 431.
490 4120 544 4183 Illi
560 4121 616 4204 qui
632 4122 666 4184 in
683 4119 811 4185 mundo
826 4120 1005 4204 spirituum
1022 4127 1113 4194 sunt,
1131 4119 1164 4182 in
1180 4117 1421 4201 praecedenti-

300 4215 363 4278 bus
379 4211 547 4279 intelledti
563 4225 643 4278 sunt
660 4235 720 4299 per
731 4215 879 4300 spiritus,
896 4215 954 4280 ubi
970 4215 1138 4278 nominati
1153 4235 1161 4293 ;
1184 4223 1221 4278 at
1237 4233 1298 4296 per
1313 4231 1420 4295 ange-

301 4310 353 4374 los
371 4310 420 4374 illi
436 4311 492 4394 qui
511 4313 545 4374 in
564 4310 672 4376 caelo.
