3408 5358
324 692 387 758 294
649 693 700 744 DE
722 692 848 746 CAELO
871 693 920 746 ΕΤ
943 693 1124 748 INFERNO.

318 858 536 941 judicabitur,
556 870 593 926 et
615 861 647 926 ei
665 862 893 928 retribuetur:
922 863 1064 948 quisque
1082 865 1187 930 etiam
1207 866 1263 950 qui
1286 887 1332 933 ex
1351 865 1442 936 bono

322 966 428 1020 etex
451 956 528 1039 ipso
550 977 634 1021 vero
652 959 798 1039 cogitat,
819 979 889 1022 non
907 960 1002 1024 videt
1025 959 1127 1024 aliter
1146 981 1248 1044 quam
1272 963 1364 1044 quod
1386 963 1444 1046 qui

321 1051 411 1116 bene
427 1053 521 1128 vivit,
538 1053 573 1116 in
589 1051 723 1117 caelum
739 1054 867 1131 veniat,
884 1064 921 1120 et
938 1055 995 1138 qui
1011 1054 1102 1120 maie
1118 1055 1152 1118 in
1169 1056 1346 1122 infernum.
1392 1059 1444 1124 At

322 1167 405 1210 vero
420 1148 477 1230 qui
496 1148 530 1210 in
549 1146 643 1210 malo
658 1157 724 1224 est,
741 1150 769 1212 is
788 1169 857 1212 non
874 1151 1014 1215 credere
1033 1151 1119 1226 vult,
1133 1153 1225 1233 quod
1241 1163 1353 1216 status
1372 1153 1443 1235 ejus

322 1252 403 1324 post
419 1253 568 1308 mortem
583 1245 628 1306 sit
645 1244 832 1308 secundum
848 1245 956 1310 vitam
973 1245 1044 1326 ejus
1062 1246 1097 1310 in
1113 1247 1253 1322 mundo,
1271 1248 1332 1312 sed
1348 1250 1444 1331 cogi·

323 1345 388 1413 tat,
402 1338 495 1421 quod
511 1338 549 1402 fit
565 1339 731 1422 imprimis
746 1359 824 1404 cum
837 1350 1010 1422 aegrotat,
1024 1341 1115 1424 quod
1128 1341 1260 1406 caelum
1276 1345 1321 1408 sit
1337 1345 1444 1410 cuivis

322 1451 369 1495 ex
385 1451 468 1514 pura
484 1435 727 1509 misericordia,
742 1445 915 1519 utcunque
930 1436 1079 1512 vixerat,
1096 1445 1133 1500 et
1151 1437 1243 1519 quod
1258 1439 1305 1502 sit
1321 1458 1444 1504 secun·

322 1526 404 1590 dum
424 1527 537 1604 iidem,
557 1549 659 1612 quam
678 1540 817 1612 separat
836 1552 856 1596 a
874 1531 956 1596 vita.

385 1634 479 1706 471.
510 1623 612 1706 Quod
631 1625 735 1690 homo
754 1625 942 1690 secundum
957 1622 1048 1690 sadia
1065 1633 1102 1689 et
1121 1644 1226 1706 opera
1238 1624 1445 1708 judicabitur

323 1726 359 1780 et
379 1719 410 1780 ei
429 1719 645 1797 retribuetur,
665 1719 782 1784 multis
801 1721 835 1784 in
854 1720 939 1784 locis
957 1721 992 1784 in
1011 1719 1130 1784 Verbo
1148 1719 1282 1796 dicitur,
1302 1743 1444 1805 quorum

324 1811 437 1895 aliqua
455 1812 508 1878 hic
525 1815 696 1880 adducere
716 1814 842 1884 veiim:

374 1961 388 1980 ‘¹
399 1955 547 2008 venturus.
557 1969 610 2009 .est
623 1959 706 2009 Filius
717 1959 835 2009 hominis
849 1959 876 2010 in
891 1959 979 2022 gloria
991 1959 1079 2009 Patris
1094 1959 1135 2009 sui
1149 1971 1210 2007 curn
1222 1959 1326 2022 angelis
1338 1963 1404 2021 suis,
1415 1971 1443 2012 et

455 2033 518 2074 tunc
529 2026 623 2075 reddet
634 2027 775 2089 unicuique
788 2026 935 2076 secundum
950 2040 1037 2088 opera
1047 2023 1119 2074 sua''
1131 2023 1243 2088 (Malrh.
1255 2027 1309 2076 xvi.
1323 2023 1409 2090 {dnm

375 2088 475 2138 “Beati
488 2091 593 2150 mortui,
606 2091 651 2156 qui
665 2091 692 2140 in
707 2091 825 2140 Domino
838 2091 1017 2140 moriuntur..
1031 2105 1037 2149 ;
1052 2091 1136 2139 immo
1148 2091 1212 2142 dicit
1224 2091 1346 2153 Spiritus,
1359 2102 1388 2142 ut
1402 2107 1443 2142 re·

455 2155 594 2284 quiepjclang
605 2171 639 2206 ex
650 2157 786 2206 laboribus
796 2157 873 2216 suis„
884 2169 979 2219 ‚opera
988 2156 1095 2205 illorum
1105 2163 1254 2219 sequuntur
1263 2157 1325 2206 ilios
1332 2155 1347 2178 ”
1355 2155 1441 2222 (Aper.

455 2235 509 2272 xiv.
551 2235 598 2282 13.

375 2287 389 2308 '¹
398 2285 456 2348 Ego
465 2287 536 2336 dabo
547 2288 690 2351 unicuique
702 2288 850 2338 secundum
862 2302 946 2350 opera
957 2287 1029 2338 sua”
1040 2285 1126 2350 (Apoc.
1140 2289 1166 2338 ii.
1179 2286 1229 2350 23).

375 2351 459 2402 “Vidi
474 2361 595 2402 mortuos
610 2367 708 2415 parvos
725 2361 752 2402 et
775 2367 890 2415 magnos
905 2361 1009 2402 stantes
1023 2365 1114 2401 coram
1134 2354 1211 2411 Deo:
1234 2361 1262 2402 et
1279 2351 1339 2402 libri
1356 2355 1442 2416 aperti

455 2427 534 2468 sunt:
553 2427 580 2468 et
591 2418 701 2481 judicati
713 2427 777 2468 sunt
786 2417 885 2468 mortui
895 2419 971 2480 juxta
981 2433 1015 2467 ea
1028 2431 1098 2482 quae
1105 2420 1206 2482 scripta
1218 2421 1245 2468 in
1255 2419 1339 2478 libris,
1347 2433 1442 2468 seeum

455 2484 519 2532 dum
532 2499 615 2547 opera
629 2485 736 2536 iliorum
746 2485 877 2535 :...dedit
895 2498 968 2534 mare
985 2499 1033 2534 eos
1050 2484 1095 2548 qui
1118 2485 1146 2533 in
1164 2499 1198 2534 eo
1216 2484 1314 2534 mortui
1326 2493 1397 2542 sunt,
1409 2499 1441 2535 ac

456 2563 529 2613 mors
537 2559 561 2598 et
572 2549 692 2598 internus
702 2547 862 2599 t³¹dederunt
871 2549 932 2599 iilos
942 2549 985 2612 qui
998 2549 1025 2598 in
1039 2549 1086 2605 iis:
1104 2557 1131 2598 et
1140 2549 1251 2612 judicati
1260 2549 1442 2613 suntquiiibet

456 2615 602 2664 secundum
617 2629 700 2677 opera
712 2614 820 2664 illorum
826 2614 840 2635 '¹
854 2613 889 2678 (A
934 2627 997 2664 ,aa
1010 2611 1075 2679 [ra]
1091 2627 1129 2676 13,
1143 2614 1192 2678 ις).

375 2677 466 2730 “Dcee
489 2682 639 2740 uenio,..et
658 2695 763 2730 mercer
781 2695 843 2730 mea
897 2695 983 2740 ecum,
997 2689 1028 2730 ut
1049 2680 1112 2730 dent
1130 2681 1274 2746 uuicuique
1291 2680 1440 2732 seeundum

456 2759 540 2808 opera
551 2745 610 2808 eius
618 2743 632 2766 ”
645 2745 732 2812 (Apu.
745 2747 809 2795 xxii.
824 2744 872 2808 ια).

375 2809 390 2831 “
398 2811 507 2860 Omnis.
517 2811 573 2874 .qui
581 2811 655 2861 audit
664 2825 736 2862 mea.
747 2813 840 2861 serbe
849 2821 876 2860 et
884 2809 948 2860 iacit
957 2825 997 2870 ea,
1003 2811 1167 2874 comparabo
1176 2811 1235 2860 viro
1243 2810 1387 2872 prudenti..
1398 2847 1404 2861 .
1414 2847 1421 2860 .
1431 2847 1437 2860 .

456 2885 484 2926 at
498 2877 587 2926 omnis
601 2877 646 2940 qui
664 2877 738 2928 audit
752 2879 834 2926 verba
848 2891 920 2930 mea.
929 2886 968 2928 ,et
986 2891 1042 2926 nou
1059 2875 1124 2926 iacit
1140 2891 1180 2936 ea,
1195 2885 1368 2938 comparatur
1382 2877 1441 2926 viro

456 2942 540 2991 stulto
548 2941 562 2962 ”
573 2943 681 3002 (Marta.
694 2943 738 2992 vii.
751 2955 790 3000 24,
804 2942 853 3003 26).

377 3006 461 3056 “Non
479 3008 569 3056 omnis
583 3007 676 3056 dicens
692 3005 766 3066 Mihi,
781 3005 907 3064 Domine,
920 3005 1045 3065 Domine,
1060 3007 1171 3055 intrabit
1185 3007 1213 3055 in
1228 3019 1341 3067 regnum
1355 3006 1442 3055 casio·

456 3087 524 3130 rum,
538 3073 586 3122 sed
604 3073 704 3122 iaciens
718 3073 886 3122 voluntatem
903 3071 990 3121 Patris
1004 3072 1058 3121 mei
1075 3073 1121 3134 qui
1138 3081 1181 3122 est
1197 3072 1226 3122 in
1241 3072 1339 3122 caelia:
1364 3071 1442 3124 muiti

456 3139 547 3188 dicent
562 3138 629 3187 Mihi
646 3139 674 3187 in
691 3138 735 3188 die
748 3138 802 3196 iilo,
816 3137 940 3196 Domine,
955 3137 1079 3198 Domine,
1090 3152 1181 3186 noune
1194 3153 1242 3200 per
1254 3152 1354 3186 nomen
1367 3146 1441 3186 tuum

456 3203 684 3266 prophetavimus,
696 3211 723 3252 et
740 3217 788 3266 per
802 3217 902 3251 nomen
915 3211 989 3252 tuum
1003 3203 1148 3251 daemonia
1159 3202 1296 3264 ejecimus,
1309 3211 1336 3250 et
1351 3203 1377 3250 in
1394 3217 1442 3250 no·

457 3269 529 3318 mine
546 3278 593 3318 tuo
610 3269 723 3318 virtutes
736 3269 835 3318 multas
847 3268 976 3318 iecimm?
997 3269 1046 3318 sed
1063 3277 1127 3318 tunc
1139 3268 1289 3316 confitebor
1305 3267 1365 3326 iilis,
1379 3267 1441 3316 Non

457 3335 520 3384 novi
532 3349 590 3395 vos,
599 3334 729 3384 discedite
741 3349 756 3384 e
769 3333 823 3393 Me,
833 3334 949 3396 operarii
962 3333 1111 3398 iniquitatis
1119 3332 1133 3352 ”
1143 3332 1251 3394 (Matri.
1264 3333 1309 3382 rii
1322 3329 1387 3398 [πῃ]
1402 3344 1441 3392 aa,

312 3453 316 3461 ’
376 3467 390 3490 “
398 3401 621 3528 Tun²e³iirctpteus
632 3465 729 3523 dicere,
741 3465 847 3514 edimus
859 3477 949 3513 eoram
962 3463 1003 3512 Te
1015 3472 1042 3513 et
1054 3464 1180 3522 bibimus,
1192 3463 1220 3512 in
1233 3461 1329 3525 plateis
1342 3463 1443 3518 nostris¹

455 3531 585 3591 docuisti;
603 3531 651 3582 sed
662 3531 738 3589 dicet,
751 3529 818 3580 Dico
827 3529 912 3588 uobis,
923 3529 986 3580 Nou
999 3529 1064 3578 novi
1072 3544 1134 3580 vos.
1145 3529 1304 3592 ...operarii
1318 3527 1444 3592 iniquita-

456 3597 490 3646 tis
500 3595 514 3616 '⁹
526 3597 598 3657 (luc.
611 3596 666 3646 xiii.
680 3593 780 3656 25-27).

374 3664 389 3686 “
400 3663 555 3712 Retribuam
568 3662 620 3711 illis
632 3661 709 3724 juxta
720 3675 788 3724 opus
801 3659 916 3719 iliorum,
929 3668 957 3710 et
967 3659 1045 3723 juxta
1055 3656 1157 3710 istium
1168 3667 1297 3708 manuum
1311 3658 1418 3708 iliorum
1427 3657 1442 3678 ’³

528 3743 561 3778 m.
573 3741 634 3778 xxv.
649 3739 660 3776 1
690 3762 696 3776 .

373 3727 530 3856 ΙοΙιονΫΙιιΜ,11
539 3793 616 3856 cujus
628 3727 698 3841 aedil
706 3791 793 3853 aperti
805 3799 869 3841 sunt
879 3805 961 3854 super
968 3805 1063 3840 omnes
1071 3790 1130 3839 vias
1139 3789 1265 3846 bominis,
1276 3789 1310 3838 ad
1322 3788 1440 3838 dandum

455 3857 540 3907 cuivis
557 3858 704 3907 seeundum
722 3857 780 3906 vias
798 3855 866 3919 eius,
884 3865 912 3906 et
933 3857 1081 3906 secundum
1098 3853 1215 3906 fructum
1230 3869 1342 3918 operum
1360 3854 1419 3917 ejus
1427 3853 1442 3875 ’⁹

455 3922 564 3987 (Jerem.
576 3924 658 3973 xxxii.
672 3925 718 3985 19).

269 4025 271 4030 -
374 3987 519 4038 “visitabo
533 4003 625 4051 super.
635 3989 705 4039 .vias
717 3987 784 4050 ejus,
797 3995 919 4050 stupere
932 3985 992 4049 ejus
1004 3987 1147 4036 retribuam
1159 3986 1196 4036 iiii
1206 3985 1221 4009 '¹
1233 3983 1335 4046 (Horch.
1345 3984 1380 4034 iv.
1392 3985 1425 4048 p).

375 4052 531 4118 ‘'jebouab.
541 4091 548 4104 .
557 4053 646 4117 ‚juxta
659 4053 717 4102 vias
732 4061 848 4110 nostras,
863 4059 891 4102 et
902 4051 979 4115 J'uxta
991 4066 1075 4115 opera
1089 4061 1184 4102 nostra
1198 4051 1262 4100 iacit
1276 4052 1417 4100 nobiscum
1428 4049 1442 4068 '⁶

455 4119 542 4180 (Such.
554 4119 570 4169 i.
583 4120 617 4182 ὁ).

324 4278 393 4343 Ubi
413 4276 581 4340 Dominus
604 4274 647 4338 de
670 4273 793 4338 ultimo
812 4272 938 4355 judicio
961 4273 1139 4355 praedicit,
1160 4293 1230 4335 non
1254 4273 1318 4336 nisi
1341 4269 1442 4354 quatit

324 4393 430 4455 opera
448 4379 618 4444 recenset,
638 4379 674 4433 et
694 4369 786 4452 quod
805 4369 983 4433 intrabunt
1007 4370 1041 4432 in
1064 4369 1173 4432 vitam
1192 4377 1369 4431 aeternam
1386 4366 1443 4448 qui

323 4469 416 4531 bona
438 4486 543 4547 opera
560 4465 725 4540 iecerunt,
745 4475 782 4528 et
804 4465 839 4528 in
856 4465 1116 4528 damnationem
1136 4463 1191 4544 qui
1215 4461 1442 4544 malaopera,

323 4561 449 4626 Mutila.
466 4581 551 4624 xxv.
570 4559 693 4642 32-46;
724 4570 860 4644 praeter
876 4560 909 4624 in
933 4559 1050 4624 multis
1073 4557 1147 4621 aliis
1172 4557 1268 4631 locis,
1289 4557 1346 4620 ubi
1369 4555 1442 4638 agi-

324 4667 380 4721 tur
402 4657 445 4721 de
469 4655 662 4722 salvatione
687 4666 725 4722 et
753 4656 797 4720 de
824 4655 1114 4720 condemnatione
1136 4651 1295 4716 hominis.
1341 4649 1444 4732 Quod
