<?xml version="1.0" encoding="UTF-8"?>
<!DOCTYPE html PUBLIC "-//W3C//DTD XHTML 1.0 Transitional//EN"
    "http://www.w3.org/TR/xhtml1/DTD/xhtml1-transitional.dtd">
<html xmlns="http://www.w3.org/1999/xhtml" xml:lang="en" lang="en">
 <head>
  <title>
</title>
<meta http-equiv="Content-Type" content="text/html;charset=utf-8" />
  <meta name='ocr-system' content='tesseract 3.04.00' />
  <meta name='ocr-capabilities' content='ocr_page ocr_carea ocr_par ocr_line ocrx_word'/>
</head>
<body>
  <div class='ocr_page' id='page_1' title='image "./decaeloetejusmi00swedgoog_0267.png"; bbox 0 0 3408 5358; ppageno 0'>
   <div class='ocr_carea' id='block_1_1' title="bbox 297 622 1099 690">
    <p class='ocr_par' dir='ltr' id='par_1_1' title="bbox 297 622 1099 690">
     <span class='ocr_line' id='line_1_1' title="bbox 297 622 1099 690; baseline 0.001 -4"><span class='ocrx_word' id='word_1_1' title='bbox 297 622 362 686; x_wconf 88' lang='lat'><strong>260</strong></span> <span class='ocrx_word' id='word_1_2' title='bbox 616 637 667 686; x_wconf 83' lang='lat' dir='ltr'><strong>os</strong></span> <span class='ocrx_word' id='word_1_3' title='bbox 691 635 818 688; x_wconf 73' lang='lat' dir='ltr'><strong>casto</strong></span> <span class='ocrx_word' id='word_1_4' title='bbox 843 635 892 687; x_wconf 78' lang='lat' dir='ltr'><strong>nr</strong></span> <span class='ocrx_word' id='word_1_5' title='bbox 915 635 1099 690; x_wconf 78' lang='lat' dir='ltr'><strong>rursxuo.</strong></span> 
     </span>
    </p>
   </div>
   <div class='ocr_carea' id='block_1_2' title="bbox 294 807 1420 1376">
    <p class='ocr_par' dir='ltr' id='par_1_2' title="bbox 294 807 1420 1376">
     <span class='ocr_line' id='line_1_2' title="bbox 297 807 1418 894; baseline 0.002 -32"><span class='ocrx_word' id='word_1_6' title='bbox 297 807 518 878; x_wconf 88' lang='lat' dir='ltr'><strong>inconspicuae,</strong></span> <span class='ocrx_word' id='word_1_7' title='bbox 532 823 600 862; x_wconf 91' lang='lat' dir='ltr'><strong>nam</strong></span> <span class='ocrx_word' id='word_1_8' title='bbox 614 807 734 864; x_wconf 85' lang='lat' dir='ltr'><strong>satelles</strong></span> <span class='ocrx_word' id='word_1_9' title='bbox 750 824 852 863; x_wconf 87' lang='lat' dir='ltr'><strong>coram</strong></span> <span class='ocrx_word' id='word_1_10' title='bbox 868 809 951 863; x_wconf 92' lang='lat' dir='ltr'><strong>nudo</strong></span> <span class='ocrx_word' id='word_1_11' title='bbox 964 809 1054 864; x_wconf 89' lang='lat' dir='ltr'><strong>oculo</strong></span> <span class='ocrx_word' id='word_1_12' title='bbox 1066 825 1155 894; x_wconf 82' lang='lat' dir='ltr'><strong>aegre</strong></span> <span class='ocrx_word' id='word_1_13' title='bbox 1167 819 1300 880; x_wconf 88' lang='lat' dir='ltr'><strong>apparet.</strong></span> <span class='ocrx_word' id='word_1_14' title='bbox 1338 807 1418 882; x_wconf 80' lang='lat' dir='ltr'><strong>Quid</strong></span> 
     </span>
     <span class='ocr_line' id='line_1_3' title="bbox 295 877 1418 950; baseline 0 -16"><span class='ocrx_word' id='word_1_15' title='bbox 295 879 354 934; x_wconf 89' lang='lat' dir='ltr'><strong>hoc</strong></span> <span class='ocrx_word' id='word_1_16' title='bbox 370 895 425 950; x_wconf 90' lang='lat' dir='ltr'><strong>pro</strong></span> <span class='ocrx_word' id='word_1_17' title='bbox 441 877 583 933; x_wconf 87' lang='lat' dir='ltr'><strong>Creatore</strong></span> <span class='ocrx_word' id='word_1_18' title='bbox 598 879 737 941; x_wconf 86' lang='lat' dir='ltr'><strong>universi,</strong></span> <span class='ocrx_word' id='word_1_19' title='bbox 753 879 802 932; x_wconf 90' lang='lat' dir='ltr'><strong>cui</strong></span> <span class='ocrx_word' id='word_1_20' title='bbox 819 895 880 934; x_wconf 92' lang='lat' dir='ltr'><strong>non</strong></span> <span class='ocrx_word' id='word_1_21' title='bbox 897 881 969 935; x_wconf 89' lang='lat' dir='ltr'><strong>satis</strong></span> <span class='ocrx_word' id='word_1_22' title='bbox 985 889 1073 942; x_wconf 89' lang='lat' dir='ltr'><strong>esset,</strong></span> <span class='ocrx_word' id='word_1_23' title='bbox 1089 897 1115 936; x_wconf 88' lang='lat' dir='ltr'><strong>sr</strong></span> <span class='ocrx_word' id='word_1_24' title='bbox 1130 889 1230 935; x_wconf 92' lang='lat' dir='ltr'><strong>totum</strong></span> <span class='ocrx_word' id='word_1_25' title='bbox 1246 881 1418 936; x_wconf 85' lang='lat' dir='ltr'><strong>universum</strong></span> 
     </span>
     <span class='ocr_line' id='line_1_4' title="bbox 294 947 1419 1036; baseline 0.003 -32"><span class='ocrx_word' id='word_1_26' title='bbox 294 948 374 1005; x_wconf 84' lang='lat' dir='ltr'><strong>ioret</strong></span> <span class='ocrx_word' id='word_1_27' title='bbox 396 947 572 1020; x_wconf 81' lang='lat' dir='ltr'><strong>impletum?</strong></span> <span class='ocrx_word' id='word_1_28' title='bbox 596 961 644 1004; x_wconf 89' lang='lat' dir='ltr'><strong>est</strong></span> <span class='ocrx_word' id='word_1_29' title='bbox 659 949 740 1004; x_wconf 92' lang='lat' dir='ltr'><strong>enim</strong></span> <span class='ocrx_word' id='word_1_30' title='bbox 759 949 904 1006; x_wconf 87' lang='lat' dir='ltr'><strong>infinitus.</strong></span> <span class='ocrx_word' id='word_1_31' title='bbox 943 950 988 1005; x_wconf 89' lang='lat' dir='ltr'><strong>De</strong></span> <span class='ocrx_word' id='word_1_32' title='bbox 1010 951 1144 1006; x_wconf 87' lang='lat' dir='ltr'><strong>hiscum</strong></span> <span class='ocrx_word' id='word_1_33' title='bbox 1164 951 1279 1036; x_wconf 85' lang='lat' dir='ltr'><strong>angelis</strong></span> <span class='ocrx_word' id='word_1_34' title='bbox 1299 951 1419 1007; x_wconf 87' lang='lat' dir='ltr'><strong>locutus</strong></span> 
     </span>
     <span class='ocr_line' id='line_1_5' title="bbox 295 1020 1420 1106; baseline 0.002 -31"><span class='ocrx_word' id='word_1_35' title='bbox 295 1037 378 1085; x_wconf 86' lang='lat' dir='ltr'><strong>sum;</strong></span> <span class='ocrx_word' id='word_1_36' title='bbox 399 1021 451 1106; x_wconf 88' lang='lat' dir='ltr'><strong>qui</strong></span> <span class='ocrx_word' id='word_1_37' title='bbox 476 1021 625 1085; x_wconf 88' lang='lat' dir='ltr'><strong>dixerunt,</strong></span> <span class='ocrx_word' id='word_1_38' title='bbox 638 1021 720 1092; x_wconf 89' lang='lat' dir='ltr'><strong>quod</strong></span> <span class='ocrx_word' id='word_1_39' title='bbox 740 1020 783 1074; x_wconf 91' lang='lat' dir='ltr'><strong>illi</strong></span> <span class='ocrx_word' id='word_1_40' title='bbox 805 1021 934 1076; x_wconf 87' lang='lat' dir='ltr'><strong>similem</strong></span> <span class='ocrx_word' id='word_1_41' title='bbox 957 1021 1054 1076; x_wconf 86' lang='lat' dir='ltr'><strong>ideam</strong></span> <span class='ocrx_word' id='word_1_42' title='bbox 1075 1022 1114 1076; x_wconf 89' lang='lat' dir='ltr'><strong>de</strong></span> <span class='ocrx_word' id='word_1_43' title='bbox 1132 1031 1281 1092; x_wconf 78' lang='lat' dir='ltr'><strong>paucitate</strong></span> <span class='ocrx_word' id='word_1_44' title='bbox 1301 1022 1420 1093; x_wconf 86' lang='lat' dir='ltr'><strong>generis</strong></span> 
     </span>
     <span class='ocr_line' id='line_1_6' title="bbox 294 1089 1418 1164; baseline 0.002 -18"><span class='ocrx_word' id='word_1_45' title='bbox 294 1091 417 1146; x_wconf 79' lang='lat' dir='ltr'><strong>humant</strong></span> <span class='ocrx_word' id='word_1_46' title='bbox 432 1089 597 1163; x_wconf 75' lang='lat' dir='ltr'><strong>respec‘live</strong></span> <span class='ocrx_word' id='word_1_47' title='bbox 608 1092 645 1146; x_wconf 90' lang='lat' dir='ltr'><strong>ad</strong></span> <span class='ocrx_word' id='word_1_48' title='bbox 659 1090 843 1146; x_wconf 84' lang='lat' dir='ltr'><strong>Infinitatem</strong></span> <span class='ocrx_word' id='word_1_49' title='bbox 854 1091 1005 1147; x_wconf 89' lang='lat' dir='ltr'><strong>Creatoris</strong></span> <span class='ocrx_word' id='word_1_50' title='bbox 1019 1092 1158 1155; x_wconf 82' lang='lat' dir='ltr'><strong>habeant,</strong></span> <span class='ocrx_word' id='word_1_51' title='bbox 1168 1093 1221 1147; x_wconf 89' lang='lat' dir='ltr'><strong>sed</strong></span> <span class='ocrx_word' id='word_1_52' title='bbox 1232 1107 1327 1162; x_wconf 87' lang='lat' dir='ltr'><strong>usque</strong></span> <span class='ocrx_word' id='word_1_53' title='bbox 1337 1093 1418 1164; x_wconf 91' lang='lat' dir='ltr'><strong>quod</strong></span> 
     </span>
     <span class='ocr_line' id='line_1_7' title="bbox 295 1161 1418 1234; baseline 0.004 -19"><span class='ocrx_word' id='word_1_54' title='bbox 295 1161 337 1216; x_wconf 93' lang='lat' dir='ltr'><strong>illi</strong></span> <span class='ocrx_word' id='word_1_55' title='bbox 348 1179 409 1217; x_wconf 92' lang='lat' dir='ltr'><strong>non</strong></span> <span class='ocrx_word' id='word_1_56' title='bbox 420 1179 457 1217; x_wconf 88' lang='lat' dir='ltr'><strong>ex</strong></span> <span class='ocrx_word' id='word_1_57' title='bbox 466 1161 579 1232; x_wconf 88' lang='lat' dir='ltr'><strong>spatiis,</strong></span> <span class='ocrx_word' id='word_1_58' title='bbox 588 1163 640 1217; x_wconf 89' lang='lat' dir='ltr'><strong>sed</strong></span> <span class='ocrx_word' id='word_1_59' title='bbox 651 1178 688 1216; x_wconf 89' lang='lat' dir='ltr'><strong>ex</strong></span> <span class='ocrx_word' id='word_1_60' title='bbox 698 1163 826 1217; x_wconf 86' lang='lat' dir='ltr'><strong>statibus</strong></span> <span class='ocrx_word' id='word_1_61' title='bbox 836 1163 988 1234; x_wconf 79' lang='lat' dir='ltr'>cogitent:</span> <span class='ocrx_word' id='word_1_62' title='bbox 1003 1172 1034 1218; x_wconf 92' lang='lat' dir='ltr'><strong>et</strong></span> <span class='ocrx_word' id='word_1_63' title='bbox 1043 1164 1124 1234; x_wconf 89' lang='lat' dir='ltr'><strong>quod</strong></span> <span class='ocrx_word' id='word_1_64' title='bbox 1135 1164 1300 1218; x_wconf 85' lang='lat' dir='ltr'><strong>secundum</strong></span> <span class='ocrx_word' id='word_1_65' title='bbox 1314 1179 1418 1218; x_wconf 88' lang='lat' dir='ltr'><strong>eorum</strong></span> 
     </span>
     <span class='ocr_line' id='line_1_8' title="bbox 294 1233 1418 1306; baseline 0.003 -20"><span class='ocrx_word' id='word_1_66' title='bbox 294 1233 392 1288; x_wconf 88' lang='lat' dir='ltr'><strong>ideam</strong></span> <span class='ocrx_word' id='word_1_67' title='bbox 406 1233 529 1288; x_wconf 90' lang='lat' dir='ltr'><strong>tellures</strong></span> <span class='ocrx_word' id='word_1_68' title='bbox 541 1249 667 1288; x_wconf 90' lang='lat' dir='ltr'><strong>numero</strong></span> <span class='ocrx_word' id='word_1_69' title='bbox 677 1243 725 1288; x_wconf 90' lang='lat' dir='ltr'><strong>tot</strong></span> <span class='ocrx_word' id='word_1_70' title='bbox 737 1234 904 1304; x_wconf 86' lang='lat' dir='ltr'>myriadum</span> <span class='ocrx_word' id='word_1_71' title='bbox 915 1243 992 1305; x_wconf 89' lang='lat' dir='ltr'><strong>quot</strong></span> <span class='ocrx_word' id='word_1_72' title='bbox 1003 1249 1130 1305; x_wconf 81' lang='lat' dir='ltr'>usquam</span> <span class='ocrx_word' id='word_1_73' title='bbox 1143 1234 1277 1306; x_wconf 83' lang='lat' dir='ltr'><strong>cogitare</strong></span> <span class='ocrx_word' id='word_1_74' title='bbox 1287 1245 1418 1306; x_wconf 80' lang='lat' dir='ltr'><strong>possent,</strong></span> 
     </span>
     <span class='ocr_line' id='line_1_9' title="bbox 294 1303 979 1376; baseline 0.001 -19"><span class='ocrx_word' id='word_1_75' title='bbox 294 1321 389 1376; x_wconf 91' lang='lat' dir='ltr'><strong>usque</strong></span> <span class='ocrx_word' id='word_1_76' title='bbox 402 1320 525 1375; x_wconf 89' lang='lat' dir='ltr'><strong>prorsus</strong></span> <span class='ocrx_word' id='word_1_77' title='bbox 538 1304 612 1358; x_wconf 86' lang='lat' dir='ltr'><strong>nihil</strong></span> <span class='ocrx_word' id='word_1_78' title='bbox 625 1303 725 1359; x_wconf 86' lang='lat' dir='ltr'><strong>lorent</strong></span> <span class='ocrx_word' id='word_1_79' title='bbox 734 1305 772 1360; x_wconf 87' lang='lat' dir='ltr'><strong>ad</strong></span> <span class='ocrx_word' id='word_1_80' title='bbox 788 1303 979 1360; x_wconf 89' lang='lat' dir='ltr'><strong>Dominum.”</strong></span> 
     </span>
    </p>
   </div>
   <div class='ocr_carea' id='block_1_3' title="bbox 285 1481 1417 4689">
    <p class='ocr_par' dir='ltr' id='par_1_3' title="bbox 291 1481 1417 2055">
     <span class='ocr_line' id='line_1_10' title="bbox 294 1481 1417 1558; baseline 0.002 -12"><span class='ocrx_word' id='word_1_81' title='bbox 294 1483 347 1546; x_wconf 92' lang='lat' dir='ltr'><strong>De</strong></span> <span class='ocrx_word' id='word_1_82' title='bbox 366 1482 561 1546; x_wconf 91' lang='lat' dir='ltr'><strong>Telluribus</strong></span> <span class='ocrx_word' id='word_1_83' title='bbox 590 1483 625 1546; x_wconf 92' lang='lat' dir='ltr'><strong>in</strong></span> <span class='ocrx_word' id='word_1_84' title='bbox 652 1482 835 1558; x_wconf 90' lang='lat' dir='ltr'><strong>Universo,</strong></span> <span class='ocrx_word' id='word_1_85' title='bbox 860 1491 897 1547; x_wconf 85' lang='lat' dir='ltr'><strong>et</strong></span> <span class='ocrx_word' id='word_1_86' title='bbox 927 1483 970 1547; x_wconf 90' lang='lat' dir='ltr'><strong>de</strong></span> <span class='ocrx_word' id='word_1_87' title='bbox 992 1501 1109 1547; x_wconf 91' lang='lat' dir='ltr'><strong>earum</strong></span> <span class='ocrx_word' id='word_1_88' title='bbox 1129 1481 1257 1548; x_wconf 85' lang='lat' dir='ltr'><strong>Incolis</strong></span> <span class='ocrx_word' id='word_1_89' title='bbox 1279 1493 1316 1548; x_wconf 88' lang='lat' dir='ltr'><strong>et</strong></span> <span class='ocrx_word' id='word_1_90' title='bbox 1339 1483 1417 1548; x_wconf 89' lang='lat' dir='ltr'><strong>inde</strong></span> 
     </span>
     <span class='ocr_line' id='line_1_11' title="bbox 293 1578 1415 1664; baseline -0.001 -18"><span class='ocrx_word' id='word_1_91' title='bbox 293 1578 475 1662; x_wconf 89' lang='lat' dir='ltr'><strong>Spiritibus</strong></span> <span class='ocrx_word' id='word_1_92' title='bbox 485 1589 521 1644; x_wconf 89' lang='lat' dir='ltr'><strong>et</strong></span> <span class='ocrx_word' id='word_1_93' title='bbox 534 1579 693 1663; x_wconf 82' lang='lat' dir='ltr'><strong>Angelis,</strong></span> <span class='ocrx_word' id='word_1_94' title='bbox 703 1581 861 1644; x_wconf 85' lang='lat' dir='ltr'><strong>videatur</strong></span> <span class='ocrx_word' id='word_1_95' title='bbox 872 1581 904 1643; x_wconf 93' lang='lat' dir='ltr'><strong>in</strong></span> <span class='ocrx_word' id='word_1_96' title='bbox 918 1579 1114 1664; x_wconf 70' lang='lat' dir='ltr'><strong>supradicio</strong></span> <span class='ocrx_word' id='word_1_97' title='bbox 1124 1581 1300 1663; x_wconf 80' lang='lat' dir='ltr'><strong>opusculo.</strong></span> <span class='ocrx_word' id='word_1_98' title='bbox 1342 1582 1415 1658; x_wconf 92' lang='lat' dir='ltr'><strong>llla,</strong></span> 
     </span>
     <span class='ocr_line' id='line_1_12' title="bbox 292 1677 1416 1760; baseline 0.001 -18"><span class='ocrx_word' id='word_1_99' title='bbox 292 1699 380 1760; x_wconf 89' lang='lat' dir='ltr'><strong>quae</strong></span> <span class='ocrx_word' id='word_1_100' title='bbox 400 1679 445 1742; x_wconf 91' lang='lat' dir='ltr'><strong>ibi</strong></span> <span class='ocrx_word' id='word_1_101' title='bbox 464 1688 554 1753; x_wconf 92' lang='lat' dir='ltr'><strong>sunt,</strong></span> <span class='ocrx_word' id='word_1_102' title='bbox 576 1678 657 1742; x_wconf 92' lang='lat' dir='ltr'><strong>mihi</strong></span> <span class='ocrx_word' id='word_1_103' title='bbox 677 1677 832 1742; x_wconf 86' lang='lat' dir='ltr'><strong>revelata</strong></span> <span class='ocrx_word' id='word_1_104' title='bbox 854 1687 891 1742; x_wconf 90' lang='lat' dir='ltr'><strong>et</strong></span> <span class='ocrx_word' id='word_1_105' title='bbox 913 1689 1055 1743; x_wconf 89' lang='lat' dir='ltr'><strong>ostensa</strong></span> <span class='ocrx_word' id='word_1_106' title='bbox 1074 1688 1167 1755; x_wconf 92' lang='lat' dir='ltr'><strong>sunt,</strong></span> <span class='ocrx_word' id='word_1_107' title='bbox 1188 1679 1234 1742; x_wconf 95' lang='lat' dir='ltr'><strong>ob</strong></span> <span class='ocrx_word' id='word_1_108' title='bbox 1252 1679 1355 1744; x_wconf 92' lang='lat' dir='ltr'><strong>finem</strong></span> <span class='ocrx_word' id='word_1_109' title='bbox 1379 1689 1416 1743; x_wconf 90' lang='lat' dir='ltr'><strong>ut</strong></span> 
     </span>
     <span class='ocr_line' id='line_1_13' title="bbox 292 1775 1416 1860; baseline 0.003 -21"><span class='ocrx_word' id='word_1_110' title='bbox 292 1776 420 1840; x_wconf 84' lang='lat' dir='ltr'><strong>sciatur</strong></span> <span class='ocrx_word' id='word_1_111' title='bbox 432 1777 523 1859; x_wconf 92' lang='lat' dir='ltr'><strong>quod</strong></span> <span class='ocrx_word' id='word_1_112' title='bbox 541 1777 673 1840; x_wconf 89' lang='lat' dir='ltr'><strong>caelum</strong></span> <span class='ocrx_word' id='word_1_113' title='bbox 688 1775 826 1839; x_wconf 91' lang='lat' dir='ltr'><strong>Domini</strong></span> <span class='ocrx_word' id='word_1_114' title='bbox 846 1777 1049 1840; x_wconf 90' lang='lat' dir='ltr'><strong>immensum</strong></span> <span class='ocrx_word' id='word_1_115' title='bbox 1065 1778 1122 1851; x_wconf 91' lang='lat' dir='ltr'><strong>sit,</strong></span> <span class='ocrx_word' id='word_1_116' title='bbox 1139 1787 1176 1842; x_wconf 90' lang='lat' dir='ltr'><strong>et</strong></span> <span class='ocrx_word' id='word_1_117' title='bbox 1193 1777 1286 1860; x_wconf 92' lang='lat' dir='ltr'><strong>quod</strong></span> <span class='ocrx_word' id='word_1_118' title='bbox 1302 1787 1416 1842; x_wconf 89' lang='lat' dir='ltr'><strong>totum</strong></span> 
     </span>
     <span class='ocr_line' id='line_1_14' title="bbox 291 1873 1416 1957; baseline 0.001 -19"><span class='ocrx_word' id='word_1_119' title='bbox 291 1877 338 1938; x_wconf 90' lang='lat' dir='ltr'><strong>sit</strong></span> <span class='ocrx_word' id='word_1_120' title='bbox 360 1895 405 1938; x_wconf 89' lang='lat' dir='ltr'><strong>ex</strong></span> <span class='ocrx_word' id='word_1_121' title='bbox 425 1874 576 1939; x_wconf 90' lang='lat' dir='ltr'><strong>humano</strong></span> <span class='ocrx_word' id='word_1_122' title='bbox 592 1893 742 1956; x_wconf 90' lang='lat' dir='ltr'><strong>genere;</strong></span> <span class='ocrx_word' id='word_1_123' title='bbox 773 1883 847 1938; x_wconf 86' lang='lat' dir='ltr'><strong>tum</strong></span> <span class='ocrx_word' id='word_1_124' title='bbox 866 1873 958 1957; x_wconf 93' lang='lat' dir='ltr'><strong>quod</strong></span> <span class='ocrx_word' id='word_1_125' title='bbox 983 1873 1151 1938; x_wconf 90' lang='lat' dir='ltr'><strong>Dominus</strong></span> <span class='ocrx_word' id='word_1_126' title='bbox 1170 1883 1289 1943; x_wconf 80' lang='lat' dir='ltr'><strong>noster</strong></span> <span class='ocrx_word' id='word_1_127' title='bbox 1307 1876 1416 1940; x_wconf 90' lang='lat' dir='ltr'><strong>ubivis</strong></span> 
     </span>
     <span class='ocr_line' id='line_1_15' title="bbox 291 1971 984 2055; baseline -0.004 -18"><span class='ocrx_word' id='word_1_128' title='bbox 291 1984 504 2055; x_wconf 83' lang='lat' dir='ltr'><strong>agnoscatur</strong></span> <span class='ocrx_word' id='word_1_129' title='bbox 522 1993 583 2054; x_wconf 91' lang='lat' dir='ltr'><strong>pro</strong></span> <span class='ocrx_word' id='word_1_130' title='bbox 604 1971 679 2036; x_wconf 90' lang='lat' dir='ltr'><strong>Deo</strong></span> <span class='ocrx_word' id='word_1_131' title='bbox 698 1971 785 2036; x_wconf 89' lang='lat' dir='ltr'><strong>caeli</strong></span> <span class='ocrx_word' id='word_1_132' title='bbox 804 1981 841 2036; x_wconf 90' lang='lat' dir='ltr'><strong>et</strong></span> <span class='ocrx_word' id='word_1_133' title='bbox 860 1981 984 2036; x_wconf 87' lang='lat' dir='ltr'><strong>terrae.</strong></span> 
     </span>
    </p>

    <p class='ocr_par' dir='ltr' id='par_1_4' title="bbox 285 2067 1415 4689">
     <span class='ocr_line' id='line_1_16' title="bbox 354 2067 1414 2156; baseline 0 -22"><span class='ocrx_word' id='word_1_134' title='bbox 354 2071 453 2156; x_wconf 84' lang='lat'>418.</span> <span class='ocrx_word' id='word_1_135' title='bbox 484 2067 586 2152; x_wconf 88' lang='lat' dir='ltr'><strong>Quod</strong></span> <span class='ocrx_word' id='word_1_136' title='bbox 603 2069 736 2134; x_wconf 90' lang='lat' dir='ltr'><strong>caelum</strong></span> <span class='ocrx_word' id='word_1_137' title='bbox 754 2069 892 2132; x_wconf 92' lang='lat' dir='ltr'><strong>Domini</strong></span> <span class='ocrx_word' id='word_1_138' title='bbox 911 2071 1116 2133; x_wconf 89' lang='lat' dir='ltr'><strong>immensum</strong></span> <span class='ocrx_word' id='word_1_139' title='bbox 1135 2069 1191 2145; x_wconf 91' lang='lat' dir='ltr'><strong>sit,</strong></span> <span class='ocrx_word' id='word_1_140' title='bbox 1209 2070 1314 2133; x_wconf 90' lang='lat' dir='ltr'><strong>etiam</strong></span> <span class='ocrx_word' id='word_1_141' title='bbox 1331 2090 1414 2134; x_wconf 91' lang='lat' dir='ltr'><strong>con·</strong></span> 
     </span>
     <span class='ocr_line' id='line_1_17' title="bbox 290 2167 1415 2250; baseline 0 -18"><span class='ocrx_word' id='word_1_142' title='bbox 290 2178 384 2234; x_wconf 89' lang='lat' dir='ltr'><strong>stare</strong></span> <span class='ocrx_word' id='word_1_143' title='bbox 401 2177 521 2250; x_wconf 85' lang='lat' dir='ltr'><strong>potest</strong></span> <span class='ocrx_word' id='word_1_144' title='bbox 540 2189 585 2230; x_wconf 91' lang='lat' dir='ltr'><strong>ex</strong></span> <span class='ocrx_word' id='word_1_145' title='bbox 604 2188 657 2244; x_wconf 90' lang='lat' dir='ltr'><strong>eo,</strong></span> <span class='ocrx_word' id='word_1_146' title='bbox 675 2167 768 2250; x_wconf 93' lang='lat' dir='ltr'><strong>quod</strong></span> <span class='ocrx_word' id='word_1_147' title='bbox 787 2167 920 2230; x_wconf 88' lang='lat' dir='ltr'><strong>caelum</strong></span> <span class='ocrx_word' id='word_1_148' title='bbox 939 2167 974 2230; x_wconf 93' lang='lat' dir='ltr'><strong>in</strong></span> <span class='ocrx_word' id='word_1_149' title='bbox 993 2177 1071 2232; x_wconf 91' lang='lat' dir='ltr'><strong>toto</strong></span> <span class='ocrx_word' id='word_1_150' title='bbox 1087 2167 1275 2250; x_wconf 90' lang='lat' dir='ltr'><strong>complexu</strong></span> <span class='ocrx_word' id='word_1_151' title='bbox 1290 2167 1415 2232; x_wconf 89' lang='lat' dir='ltr'><strong>referat</strong></span> 
     </span>
     <span class='ocr_line' id='line_1_18' title="bbox 290 2265 1415 2348; baseline 0 -18"><span class='ocrx_word' id='word_1_152' title='bbox 290 2285 395 2330; x_wconf 90' lang='lat' dir='ltr'><strong>unum</strong></span> <span class='ocrx_word' id='word_1_153' title='bbox 427 2265 624 2339; x_wconf 90' lang='lat' dir='ltr'><strong>Hominem,</strong></span> <span class='ocrx_word' id='word_1_154' title='bbox 656 2275 692 2328; x_wconf 93' lang='lat' dir='ltr'><strong>et</strong></span> <span class='ocrx_word' id='word_1_155' title='bbox 723 2285 859 2348; x_wconf 88' lang='lat' dir='ltr'><strong>quoque</strong></span> <span class='ocrx_word' id='word_1_156' title='bbox 889 2265 1161 2347; x_wconf 87' lang='lat' dir='ltr'><strong>correspondeat</strong></span> <span class='ocrx_word' id='word_1_157' title='bbox 1191 2265 1349 2329; x_wconf 90' lang='lat' dir='ltr'><strong>omnibus</strong></span> <span class='ocrx_word' id='word_1_158' title='bbox 1378 2276 1415 2330; x_wconf 90' lang='lat' dir='ltr'><strong>et</strong></span> 
     </span>
     <span class='ocr_line' id='line_1_19' title="bbox 290 2362 1413 2446; baseline -0.001 -19"><span class='ocrx_word' id='word_1_159' title='bbox 290 2363 434 2446; x_wconf 89' lang='lat' dir='ltr'><strong>singulis</strong></span> <span class='ocrx_word' id='word_1_160' title='bbox 451 2362 541 2444; x_wconf 88' lang='lat' dir='ltr'><strong>apud</strong></span> <span class='ocrx_word' id='word_1_161' title='bbox 557 2363 753 2441; x_wconf 90' lang='lat' dir='ltr'><strong>hominem;</strong></span> <span class='ocrx_word' id='word_1_162' title='bbox 777 2373 813 2426; x_wconf 92' lang='lat' dir='ltr'><strong>et</strong></span> <span class='ocrx_word' id='word_1_163' title='bbox 830 2363 920 2445; x_wconf 93' lang='lat' dir='ltr'><strong>quod</strong></span> <span class='ocrx_word' id='word_1_164' title='bbox 937 2363 996 2426; x_wconf 93' lang='lat' dir='ltr'><strong>illa</strong></span> <span class='ocrx_word' id='word_1_165' title='bbox 1012 2364 1319 2446; x_wconf 86' lang='lat' dir='ltr'><strong>correspondentia</strong></span> <span class='ocrx_word' id='word_1_166' title='bbox 1334 2385 1413 2426; x_wconf 92' lang='lat' dir='ltr'><strong>nus·</strong></span> 
     </span>
     <span class='ocr_line' id='line_1_20' title="bbox 290 2461 1414 2543; baseline 0.002 -19"><span class='ocrx_word' id='word_1_167' title='bbox 290 2481 393 2543; x_wconf 91' lang='lat' dir='ltr'><strong>quarn</strong></span> <span class='ocrx_word' id='word_1_168' title='bbox 413 2462 546 2543; x_wconf 91' lang='lat' dir='ltr'><strong>impleri</strong></span> <span class='ocrx_word' id='word_1_169' title='bbox 566 2461 688 2543; x_wconf 87' lang='lat' dir='ltr'><strong>possit,</strong></span> <span class='ocrx_word' id='word_1_170' title='bbox 708 2461 869 2543; x_wconf 91' lang='lat' dir='ltr'><strong>quoniam</strong></span> <span class='ocrx_word' id='word_1_171' title='bbox 889 2481 959 2524; x_wconf 91' lang='lat' dir='ltr'><strong>non</strong></span> <span class='ocrx_word' id='word_1_172' title='bbox 983 2461 1087 2524; x_wconf 92' lang='lat' dir='ltr'><strong>modo</strong></span> <span class='ocrx_word' id='word_1_173' title='bbox 1106 2461 1414 2543; x_wconf 87' lang='lat' dir='ltr'><strong>correspondentia</strong></span> 
     </span>
     <span class='ocr_line' id='line_1_21' title="bbox 290 2558 1414 2642; baseline -0.001 -18"><span class='ocrx_word' id='word_1_174' title='bbox 290 2569 345 2624; x_wconf 90' lang='lat' dir='ltr'><strong>est</strong></span> <span class='ocrx_word' id='word_1_175' title='bbox 374 2579 451 2623; x_wconf 91' lang='lat' dir='ltr'><strong>curn</strong></span> <span class='ocrx_word' id='word_1_176' title='bbox 475 2559 620 2640; x_wconf 90' lang='lat' dir='ltr'><strong>singulis</strong></span> <span class='ocrx_word' id='word_1_177' title='bbox 638 2558 810 2634; x_wconf 88' lang='lat' dir='ltr'><strong>membris,</strong></span> <span class='ocrx_word' id='word_1_178' title='bbox 830 2559 979 2640; x_wconf 83' lang='lat' dir='ltr'><strong>organis,</strong></span> <span class='ocrx_word' id='word_1_179' title='bbox 999 2569 1036 2623; x_wconf 90' lang='lat' dir='ltr'><strong>et</strong></span> <span class='ocrx_word' id='word_1_180' title='bbox 1058 2559 1243 2623; x_wconf 90' lang='lat' dir='ltr'><strong>visceribus</strong></span> <span class='ocrx_word' id='word_1_181' title='bbox 1263 2561 1414 2642; x_wconf 89' lang='lat' dir='ltr'><strong>corporis</strong></span> 
     </span>
     <span class='ocr_line' id='line_1_22' title="bbox 289 2657 1412 2739; baseline -0.002 -17"><span class='ocrx_word' id='word_1_182' title='bbox 289 2659 323 2722; x_wconf 93' lang='lat' dir='ltr'><strong>in</strong></span> <span class='ocrx_word' id='word_1_183' title='bbox 343 2677 482 2739; x_wconf 86' lang='lat' dir='ltr'><strong>genere,</strong></span> <span class='ocrx_word' id='word_1_184' title='bbox 500 2657 561 2719; x_wconf 91' lang='lat' dir='ltr'><strong>sed</strong></span> <span class='ocrx_word' id='word_1_185' title='bbox 580 2657 685 2720; x_wconf 91' lang='lat' dir='ltr'><strong>etiarn</strong></span> <span class='ocrx_word' id='word_1_186' title='bbox 704 2658 738 2720; x_wconf 93' lang='lat' dir='ltr'><strong>in</strong></span> <span class='ocrx_word' id='word_1_187' title='bbox 759 2657 955 2738; x_wconf 85' lang='lat' dir='ltr'><strong>particulari</strong></span> <span class='ocrx_word' id='word_1_188' title='bbox 974 2665 1010 2721; x_wconf 92' lang='lat' dir='ltr'><strong>et</strong></span> <span class='ocrx_word' id='word_1_189' title='bbox 1029 2657 1194 2739; x_wconf 86' lang='lat' dir='ltr'><strong>singulari</strong></span> <span class='ocrx_word' id='word_1_190' title='bbox 1210 2677 1287 2720; x_wconf 87' lang='lat' dir='ltr'><strong>cum</strong></span> <span class='ocrx_word' id='word_1_191' title='bbox 1303 2659 1412 2720; x_wconf 93' lang='lat' dir='ltr'><strong>omni·</strong></span> 
     </span>
     <span class='ocr_line' id='line_1_23' title="bbox 289 2753 1414 2838; baseline 0.003 -21"><span class='ocrx_word' id='word_1_192' title='bbox 289 2757 353 2818; x_wconf 91' lang='lat' dir='ltr'><strong>bus</strong></span> <span class='ocrx_word' id='word_1_193' title='bbox 365 2764 402 2818; x_wconf 87' lang='lat' dir='ltr'><strong>et</strong></span> <span class='ocrx_word' id='word_1_194' title='bbox 419 2754 562 2836; x_wconf 90' lang='lat' dir='ltr'><strong>singulis</strong></span> <span class='ocrx_word' id='word_1_195' title='bbox 574 2755 750 2818; x_wconf 92' lang='lat' dir='ltr'><strong>viscerulis</strong></span> <span class='ocrx_word' id='word_1_196' title='bbox 766 2765 801 2818; x_wconf 91' lang='lat' dir='ltr'><strong>et</strong></span> <span class='ocrx_word' id='word_1_197' title='bbox 818 2753 1004 2836; x_wconf 71' lang='lat' dir='ltr'><strong>organulis</strong></span> <span class='ocrx_word' id='word_1_198' title='bbox 1019 2775 1105 2838; x_wconf 88' lang='lat' dir='ltr'><strong>quae</strong></span> <span class='ocrx_word' id='word_1_199' title='bbox 1118 2755 1208 2818; x_wconf 89' lang='lat' dir='ltr'><strong>intra</strong></span> <span class='ocrx_word' id='word_1_200' title='bbox 1223 2753 1294 2830; x_wconf 89' lang='lat' dir='ltr'><strong>illa,</strong></span> <span class='ocrx_word' id='word_1_201' title='bbox 1308 2755 1414 2820; x_wconf 90' lang='lat' dir='ltr'><strong>immo</strong></span> 
     </span>
     <span class='ocr_line' id='line_1_24' title="bbox 290 2851 1412 2934; baseline 0.001 -19"><span class='ocrx_word' id='word_1_202' title='bbox 290 2871 368 2916; x_wconf 92' lang='lat' dir='ltr'><strong>curn</strong></span> <span class='ocrx_word' id='word_1_203' title='bbox 387 2853 532 2934; x_wconf 88' lang='lat' dir='ltr'><strong>singulis</strong></span> <span class='ocrx_word' id='word_1_204' title='bbox 554 2853 645 2915; x_wconf 86' lang='lat' dir='ltr'><strong>vasis</strong></span> <span class='ocrx_word' id='word_1_205' title='bbox 668 2862 705 2916; x_wconf 90' lang='lat' dir='ltr'><strong>et</strong></span> <span class='ocrx_word' id='word_1_206' title='bbox 728 2851 843 2931; x_wconf 85' lang='lat' dir='ltr'><strong>fibris;</strong></span> <span class='ocrx_word' id='word_1_207' title='bbox 874 2863 909 2916; x_wconf 91' lang='lat' dir='ltr'><strong>et</strong></span> <span class='ocrx_word' id='word_1_208' title='bbox 933 2872 1003 2918; x_wconf 91' lang='lat' dir='ltr'><strong>non</strong></span> <span class='ocrx_word' id='word_1_209' title='bbox 1026 2852 1130 2915; x_wconf 90' lang='lat' dir='ltr'><strong>modo</strong></span> <span class='ocrx_word' id='word_1_210' title='bbox 1154 2872 1231 2916; x_wconf 91' lang='lat' dir='ltr'><strong>cum</strong></span> <span class='ocrx_word' id='word_1_211' title='bbox 1255 2852 1331 2926; x_wconf 89' lang='lat' dir='ltr'><strong>illis,</strong></span> <span class='ocrx_word' id='word_1_212' title='bbox 1351 2853 1412 2916; x_wconf 88' lang='lat' dir='ltr'><strong>sed</strong></span> 
     </span>
     <span class='ocr_line' id='line_1_25' title="bbox 290 2949 1412 3033; baseline 0 -19"><span class='ocrx_word' id='word_1_213' title='bbox 290 2953 396 3014; x_wconf 91' lang='lat' dir='ltr'><strong>etiam</strong></span> <span class='ocrx_word' id='word_1_214' title='bbox 428 2970 503 3014; x_wconf 89' lang='lat' dir='ltr'><strong>curn</strong></span> <span class='ocrx_word' id='word_1_215' title='bbox 532 2950 735 3014; x_wconf 87' lang='lat' dir='ltr'><strong>substantiis</strong></span> <span class='ocrx_word' id='word_1_216' title='bbox 758 2951 942 3032; x_wconf 85' lang='lat' dir='ltr'><strong>organicis,</strong></span> <span class='ocrx_word' id='word_1_217' title='bbox 966 2970 1054 3032; x_wconf 88' lang='lat' dir='ltr'><strong>quae</strong></span> <span class='ocrx_word' id='word_1_218' title='bbox 1077 2949 1220 3014; x_wconf 90' lang='lat' dir='ltr'><strong>interius</strong></span> <span class='ocrx_word' id='word_1_219' title='bbox 1243 2951 1412 3033; x_wconf 89' lang='lat' dir='ltr'><strong>recipiunt</strong></span> 
     </span>
     <span class='ocr_line' id='line_1_26' title="bbox 289 3045 1410 3122; baseline 0.001 -11"><span class='ocrx_word' id='word_1_220' title='bbox 289 3049 455 3111; x_wconf 85' lang='lat' dir='ltr'><strong>influxum</strong></span> <span class='ocrx_word' id='word_1_221' title='bbox 476 3047 574 3122; x_wconf 89' lang='lat' dir='ltr'><strong>caeli,</strong></span> <span class='ocrx_word' id='word_1_222' title='bbox 595 3049 685 3111; x_wconf 90' lang='lat' dir='ltr'><strong>unde</strong></span> <span class='ocrx_word' id='word_1_223' title='bbox 703 3047 833 3111; x_wconf 89' lang='lat' dir='ltr'><strong>homini</strong></span> <span class='ocrx_word' id='word_1_224' title='bbox 852 3045 1050 3112; x_wconf 69' lang='lat' dir='ltr'><strong>activitates</strong></span> <span class='ocrx_word' id='word_1_225' title='bbox 1068 3047 1250 3112; x_wconf 90' lang='lat' dir='ltr'><strong>interiores</strong></span> <span class='ocrx_word' id='word_1_226' title='bbox 1269 3049 1410 3112; x_wconf 65' lang='lat' dir='ltr'><strong>inservi—</strong></span> 
     </span>
     <span class='ocr_line' id='line_1_27' title="bbox 288 3145 1411 3228; baseline -0.002 -18"><span class='ocrx_word' id='word_1_227' title='bbox 288 3156 389 3210; x_wconf 90' lang='lat' dir='ltr'><strong>entes</strong></span> <span class='ocrx_word' id='word_1_228' title='bbox 412 3145 483 3228; x_wconf 88' lang='lat' dir='ltr'><strong>ejus</strong></span> <span class='ocrx_word' id='word_1_229' title='bbox 507 3146 610 3208; x_wconf 91' lang='lat' dir='ltr'><strong>animi</strong></span> <span class='ocrx_word' id='word_1_230' title='bbox 629 3145 906 3227; x_wconf 85' lang='lat' dir='ltr'><strong>operationibus;</strong></span> <span class='ocrx_word' id='word_1_231' title='bbox 937 3164 1016 3208; x_wconf 92' lang='lat' dir='ltr'><strong>nam</strong></span> <span class='ocrx_word' id='word_1_232' title='bbox 1035 3145 1194 3228; x_wconf 92' lang='lat' dir='ltr'><strong>quicquid</strong></span> <span class='ocrx_word' id='word_1_233' title='bbox 1214 3147 1354 3210; x_wconf 89' lang='lat' dir='ltr'><strong>interius</strong></span> <span class='ocrx_word' id='word_1_234' title='bbox 1378 3147 1411 3209; x_wconf 94' lang='lat' dir='ltr'><strong>in</strong></span> 
     </span>
     <span class='ocr_line' id='line_1_28' title="bbox 288 3241 1410 3332; baseline 0.001 -28"><span class='ocrx_word' id='word_1_235' title='bbox 288 3241 428 3306; x_wconf 90' lang='lat' dir='ltr'><strong>homine</strong></span> <span class='ocrx_word' id='word_1_236' title='bbox 451 3243 585 3332; x_wconf 83' lang='lat' dir='ltr'><strong>existit,</strong></span> <span class='ocrx_word' id='word_1_237' title='bbox 609 3243 643 3306; x_wconf 93' lang='lat' dir='ltr'><strong>in</strong></span> <span class='ocrx_word' id='word_1_238' title='bbox 669 3242 785 3306; x_wconf 85' lang='lat' dir='ltr'><strong>lormis</strong></span> <span class='ocrx_word' id='word_1_239' title='bbox 812 3263 899 3324; x_wconf 88' lang='lat' dir='ltr'><strong>quae</strong></span> <span class='ocrx_word' id='word_1_240' title='bbox 922 3251 1002 3306; x_wconf 89' lang='lat' dir='ltr'><strong>sunt</strong></span> <span class='ocrx_word' id='word_1_241' title='bbox 1025 3242 1253 3319; x_wconf 89' lang='lat' dir='ltr'><strong>substantiae,</strong></span> <span class='ocrx_word' id='word_1_242' title='bbox 1277 3243 1410 3314; x_wconf 86' lang='lat' dir='ltr'><strong>existit,</strong></span> 
     </span>
     <span class='ocr_line' id='line_1_29' title="bbox 288 3337 1411 3424; baseline 0 -22"><span class='ocrx_word' id='word_1_243' title='bbox 288 3340 380 3424; x_wconf 91' lang='lat' dir='ltr'><strong>quod</strong></span> <span class='ocrx_word' id='word_1_244' title='bbox 397 3341 487 3402; x_wconf 93' lang='lat' dir='ltr'><strong>enim</strong></span> <span class='ocrx_word' id='word_1_245' title='bbox 504 3359 573 3403; x_wconf 92' lang='lat' dir='ltr'><strong>non</strong></span> <span class='ocrx_word' id='word_1_246' title='bbox 592 3340 625 3403; x_wconf 91' lang='lat' dir='ltr'><strong>in</strong></span> <span class='ocrx_word' id='word_1_247' title='bbox 642 3340 846 3402; x_wconf 87' lang='lat' dir='ltr'><strong>substantiis</strong></span> <span class='ocrx_word' id='word_1_248' title='bbox 862 3349 899 3403; x_wconf 93' lang='lat' dir='ltr'><strong>ut</strong></span> <span class='ocrx_word' id='word_1_249' title='bbox 919 3337 1079 3421; x_wconf 69' lang='lat' dir='ltr'><strong>subjeitis</strong></span> <span class='ocrx_word' id='word_1_250' title='bbox 1095 3341 1230 3415; x_wconf 85' lang='lat' dir='ltr'><strong>existit,</strong></span> <span class='ocrx_word' id='word_1_251' title='bbox 1244 3340 1328 3403; x_wconf 92' lang='lat' dir='ltr'><strong>nihil</strong></span> <span class='ocrx_word' id='word_1_252' title='bbox 1347 3350 1411 3403; x_wconf 83' lang='lat' dir='ltr'><strong>est</strong></span> 
     </span>
     <span class='ocr_line' id='line_1_30' title="bbox 288 3433 1411 3520; baseline -0.002 -18"><span class='ocrx_word' id='word_1_253' title='bbox 288 3433 451 3502; x_wconf 90' lang='lat' dir='ltr'><strong>Omnium</strong></span> <span class='ocrx_word' id='word_1_254' title='bbox 474 3437 596 3502; x_wconf 92' lang='lat' dir='ltr'><strong>horum</strong></span> <span class='ocrx_word' id='word_1_255' title='bbox 620 3437 928 3520; x_wconf 90' lang='lat' dir='ltr'><strong>correspondentia</strong></span> <span class='ocrx_word' id='word_1_256' title='bbox 951 3447 1005 3502; x_wconf 91' lang='lat' dir='ltr'><strong>est</strong></span> <span class='ocrx_word' id='word_1_257' title='bbox 1029 3457 1105 3501; x_wconf 90' lang='lat' dir='ltr'><strong>curn</strong></span> <span class='ocrx_word' id='word_1_258' title='bbox 1130 3437 1239 3513; x_wconf 89' lang='lat' dir='ltr'><strong>caelo,</strong></span> <span class='ocrx_word' id='word_1_259' title='bbox 1264 3447 1301 3500; x_wconf 92' lang='lat' dir='ltr'><strong>ut</strong></span> <span class='ocrx_word' id='word_1_260' title='bbox 1328 3457 1411 3500; x_wconf 92' lang='lat' dir='ltr'><strong>con-</strong></span> 
     </span>
     <span class='ocr_line' id='line_1_31' title="bbox 288 3533 1410 3618; baseline 0.003 -19"><span class='ocrx_word' id='word_1_261' title='bbox 288 3546 384 3600; x_wconf 87' lang='lat' dir='ltr'><strong>stare</strong></span> <span class='ocrx_word' id='word_1_262' title='bbox 403 3546 522 3618; x_wconf 89' lang='lat' dir='ltr'><strong>potest</strong></span> <span class='ocrx_word' id='word_1_263' title='bbox 541 3557 587 3600; x_wconf 90' lang='lat' dir='ltr'><strong>ex</strong></span> <span class='ocrx_word' id='word_1_264' title='bbox 606 3535 753 3600; x_wconf 90' lang='lat' dir='ltr'><strong>articulo</strong></span> <span class='ocrx_word' id='word_1_265' title='bbox 776 3536 833 3600; x_wconf 94' lang='lat' dir='ltr'><strong>ubi</strong></span> <span class='ocrx_word' id='word_1_266' title='bbox 856 3537 900 3598; x_wconf 91' lang='lat' dir='ltr'><strong>de</strong></span> <span class='ocrx_word' id='word_1_267' title='bbox 923 3533 1240 3618; x_wconf 88' lang='lat' dir='ltr'><strong>Correspondentia</strong></span> <span class='ocrx_word' id='word_1_268' title='bbox 1258 3537 1410 3602; x_wconf 89' lang='lat' dir='ltr'><strong>omnium</strong></span> 
     </span>
     <span class='ocr_line' id='line_1_32' title="bbox 288 3623 1410 3716; baseline -0.001 -17"><span class='ocrx_word' id='word_1_269' title='bbox 288 3631 384 3700; x_wconf 87' lang='lat' dir='ltr'><strong>Caeli</strong></span> <span class='ocrx_word' id='word_1_270' title='bbox 403 3653 479 3698; x_wconf 92' lang='lat' dir='ltr'><strong>curn</strong></span> <span class='ocrx_word' id='word_1_271' title='bbox 496 3634 653 3696; x_wconf 91' lang='lat' dir='ltr'><strong>omnibus</strong></span> <span class='ocrx_word' id='word_1_272' title='bbox 669 3634 816 3698; x_wconf 92' lang='lat' dir='ltr'><strong>hominis</strong></span> <span class='ocrx_word' id='word_1_273' title='bbox 835 3632 882 3716; x_wconf 93' lang='lat' dir='ltr'><strong>(n.</strong></span> <span class='ocrx_word' id='word_1_274' title='bbox 899 3623 1054 3715; x_wconf 51' lang='lat'><strong>¹87-102,)</strong></span> <span class='ocrx_word' id='word_1_275' title='bbox 1072 3629 1184 3696; x_wconf 71' lang='lat' dir='ltr'><strong>actum</strong></span> <span class='ocrx_word' id='word_1_276' title='bbox 1200 3642 1266 3696; x_wconf 87' lang='lat' dir='ltr'><strong>est.</strong></span> <span class='ocrx_word' id='word_1_277' title='bbox 1313 3633 1410 3698; x_wconf 88' lang='lat' dir='ltr'><strong>Haec</strong></span> 
     </span>
     <span class='ocr_line' id='line_1_33' title="bbox 287 3729 1411 3815; baseline -0.002 -19"><span class='ocrx_word' id='word_1_278' title='bbox 287 3731 596 3814; x_wconf 88' lang='lat' dir='ltr'><strong>correspondentia</strong></span> <span class='ocrx_word' id='word_1_279' title='bbox 614 3751 781 3814; x_wconf 87' lang='lat' dir='ltr'><strong>nusquam</strong></span> <span class='ocrx_word' id='word_1_280' title='bbox 801 3731 933 3814; x_wconf 89' lang='lat' dir='ltr'><strong>impleri</strong></span> <span class='ocrx_word' id='word_1_281' title='bbox 956 3740 1085 3815; x_wconf 89' lang='lat' dir='ltr'><strong>potest,</strong></span> <span class='ocrx_word' id='word_1_282' title='bbox 1106 3731 1184 3814; x_wconf 90' lang='lat' dir='ltr'><strong>quia</strong></span> <span class='ocrx_word' id='word_1_283' title='bbox 1207 3751 1274 3814; x_wconf 94' lang='lat' dir='ltr'><strong>quo</strong></span> <span class='ocrx_word' id='word_1_284' title='bbox 1297 3729 1411 3813; x_wconf 90' lang='lat' dir='ltr'><strong>plures</strong></span> 
     </span>
     <span class='ocr_line' id='line_1_34' title="bbox 287 3829 1409 3912; baseline 0 -19"><span class='ocrx_word' id='word_1_285' title='bbox 287 3831 567 3893; x_wconf 88' lang='lat' dir='ltr'><strong>consociationes</strong></span> <span class='ocrx_word' id='word_1_286' title='bbox 594 3830 774 3911; x_wconf 88' lang='lat' dir='ltr'><strong>angelicae</strong></span> <span class='ocrx_word' id='word_1_287' title='bbox 801 3839 881 3893; x_wconf 91' lang='lat' dir='ltr'><strong>sunt</strong></span> <span class='ocrx_word' id='word_1_288' title='bbox 908 3849 995 3912; x_wconf 89' lang='lat' dir='ltr'><strong>quae</strong></span> <span class='ocrx_word' id='word_1_289' title='bbox 1025 3829 1081 3892; x_wconf 94' lang='lat' dir='ltr'><strong>uni</strong></span> <span class='ocrx_word' id='word_1_290' title='bbox 1111 3829 1267 3892; x_wconf 90' lang='lat' dir='ltr'><strong>membro</strong></span> <span class='ocrx_word' id='word_1_291' title='bbox 1296 3849 1409 3893; x_wconf 88' lang='lat' dir='ltr'><strong>corre·</strong></span> 
     </span>
     <span class='ocr_line' id='line_1_35' title="bbox 288 3924 1410 4009; baseline 0 -19"><span class='ocrx_word' id='word_1_292' title='bbox 288 3927 473 4009; x_wconf 90' lang='lat' dir='ltr'><strong>spondent,</strong></span> <span class='ocrx_word' id='word_1_293' title='bbox 498 3947 541 3990; x_wconf 92' lang='lat' dir='ltr'><strong>eo</strong></span> <span class='ocrx_word' id='word_1_294' title='bbox 570 3924 751 4008; x_wconf 68' lang='lat' dir='ltr'><strong>perfectius</strong></span> <span class='ocrx_word' id='word_1_295' title='bbox 775 3925 813 3990; x_wconf 84' lang='lat' dir='ltr'><strong>fit</strong></span> <span class='ocrx_word' id='word_1_296' title='bbox 837 3926 994 4005; x_wconf 79' lang='lat' dir='ltr'><strong>caelum3</strong></span> <span class='ocrx_word' id='word_1_297' title='bbox 1029 3927 1156 3990; x_wconf 88' lang='lat' dir='ltr'><strong>crescit</strong></span> <span class='ocrx_word' id='word_1_298' title='bbox 1183 3927 1274 3988; x_wconf 90' lang='lat' dir='ltr'><strong>enim</strong></span> <span class='ocrx_word' id='word_1_299' title='bbox 1299 3928 1410 3990; x_wconf 91' lang='lat' dir='ltr'><strong>omnis</strong></span> 
     </span>
     <span class='ocr_line' id='line_1_36' title="bbox 288 4022 1409 4108; baseline -0.002 -20"><span class='ocrx_word' id='word_1_300' title='bbox 288 4022 453 4108; x_wconf 74' lang='lat' dir='ltr'><strong>perfectio</strong></span> <span class='ocrx_word' id='word_1_301' title='bbox 482 4023 516 4086; x_wconf 93' lang='lat' dir='ltr'><strong>in</strong></span> <span class='ocrx_word' id='word_1_302' title='bbox 547 4023 653 4087; x_wconf 87' lang='lat' dir='ltr'><strong>caelis</strong></span> <span class='ocrx_word' id='word_1_303' title='bbox 675 4025 864 4088; x_wconf 87' lang='lat' dir='ltr'><strong>secundum</strong></span> <span class='ocrx_word' id='word_1_304' title='bbox 889 4024 1135 4107; x_wconf 85' lang='lat' dir='ltr'><strong>pluralitatem.</strong></span> <span class='ocrx_word' id='word_1_305' title='bbox 1182 4022 1295 4087; x_wconf 90' lang='lat' dir='ltr'><strong>Causa</strong></span> <span class='ocrx_word' id='word_1_306' title='bbox 1317 4025 1409 4107; x_wconf 93' lang='lat' dir='ltr'><strong>quod</strong></span> 
     </span>
     <span class='ocr_line' id='line_1_37' title="bbox 287 4118 1408 4205; baseline -0.001 -20"><span class='ocrx_word' id='word_1_307' title='bbox 287 4118 453 4205; x_wconf 66' lang='lat' dir='ltr'><strong>perietiio</strong></span> <span class='ocrx_word' id='word_1_308' title='bbox 481 4121 516 4183; x_wconf 93' lang='lat' dir='ltr'><strong>in</strong></span> <span class='ocrx_word' id='word_1_309' title='bbox 546 4120 651 4184; x_wconf 90' lang='lat' dir='ltr'><strong>caelis</strong></span> <span class='ocrx_word' id='word_1_310' title='bbox 681 4132 816 4186; x_wconf 87' lang='lat' dir='ltr'><strong>crescat</strong></span> <span class='ocrx_word' id='word_1_311' title='bbox 846 4121 1035 4185; x_wconf 90' lang='lat' dir='ltr'><strong>secundum</strong></span> <span class='ocrx_word' id='word_1_312' title='bbox 1066 4120 1313 4202; x_wconf 88' lang='lat' dir='ltr'><strong>pluralitatem,</strong></span> <span class='ocrx_word' id='word_1_313' title='bbox 1344 4131 1408 4196; x_wconf 84' lang='lat' dir='ltr'><strong>est,</strong></span> 
     </span>
     <span class='ocr_line' id='line_1_38' title="bbox 287 4215 1409 4302; baseline -0.001 -21"><span class='ocrx_word' id='word_1_314' title='bbox 287 4219 365 4302; x_wconf 87' lang='lat' dir='ltr'><strong>quia</strong></span> <span class='ocrx_word' id='word_1_315' title='bbox 383 4219 429 4282; x_wconf 92' lang='lat' dir='ltr'><strong>ibi</strong></span> <span class='ocrx_word' id='word_1_316' title='bbox 448 4227 501 4281; x_wconf 91' lang='lat' dir='ltr'><strong>est</strong></span> <span class='ocrx_word' id='word_1_317' title='bbox 521 4237 606 4282; x_wconf 93' lang='lat' dir='ltr'><strong>unus</strong></span> <span class='ocrx_word' id='word_1_318' title='bbox 626 4217 700 4282; x_wconf 87' lang='lat' dir='ltr'><strong>finis</strong></span> <span class='ocrx_word' id='word_1_319' title='bbox 719 4219 882 4294; x_wconf 92' lang='lat' dir='ltr'><strong>omnium,</strong></span> <span class='ocrx_word' id='word_1_320' title='bbox 900 4239 939 4282; x_wconf 90' lang='lat' dir='ltr'><strong>ac</strong></span> <span class='ocrx_word' id='word_1_321' title='bbox 957 4219 1137 4282; x_wconf 89' lang='lat' dir='ltr'><strong>unanimus</strong></span> <span class='ocrx_word' id='word_1_322' title='bbox 1157 4215 1316 4300; x_wconf 65' lang='lat' dir='ltr'><strong>aspectus</strong></span> <span class='ocrx_word' id='word_1_323' title='bbox 1335 4237 1409 4280; x_wconf 93' lang='lat' dir='ltr'><strong>om·</strong></span> 
     </span>
     <span class='ocr_line' id='line_1_39' title="bbox 287 4313 1408 4396; baseline -0.004 -17"><span class='ocrx_word' id='word_1_324' title='bbox 287 4317 380 4380; x_wconf 91' lang='lat' dir='ltr'><strong>nium</strong></span> <span class='ocrx_word' id='word_1_325' title='bbox 396 4315 440 4379; x_wconf 89' lang='lat' dir='ltr'><strong>ad</strong></span> <span class='ocrx_word' id='word_1_326' title='bbox 457 4314 553 4378; x_wconf 92' lang='lat' dir='ltr'><strong>illurn</strong></span> <span class='ocrx_word' id='word_1_327' title='bbox 569 4313 690 4378; x_wconf 86' lang='lat' dir='ltr'><strong>finem:</strong></span> <span class='ocrx_word' id='word_1_328' title='bbox 715 4316 770 4380; x_wconf 91' lang='lat' dir='ltr'><strong>hic</strong></span> <span class='ocrx_word' id='word_1_329' title='bbox 788 4315 862 4379; x_wconf 86' lang='lat' dir='ltr'><strong>finis</strong></span> <span class='ocrx_word' id='word_1_330' title='bbox 879 4326 933 4380; x_wconf 92' lang='lat' dir='ltr'><strong>est</strong></span> <span class='ocrx_word' id='word_1_331' title='bbox 949 4335 1131 4380; x_wconf 91' lang='lat' dir='ltr'><strong>commune</strong></span> <span class='ocrx_word' id='word_1_332' title='bbox 1145 4315 1293 4393; x_wconf 92' lang='lat' dir='ltr'><strong>bonum;</strong></span> <span class='ocrx_word' id='word_1_333' title='bbox 1319 4314 1408 4396; x_wconf 83' lang='lat' dir='ltr'><strong>quod</strong></span> 
     </span>
     <span class='ocr_line' id='line_1_40' title="bbox 286 4409 1408 4495; baseline -0.004 -18"><span class='ocrx_word' id='word_1_334' title='bbox 286 4431 364 4478; x_wconf 92' lang='lat' dir='ltr'><strong>cum</strong></span> <span class='ocrx_word' id='word_1_335' title='bbox 388 4423 523 4495; x_wconf 85' lang='lat' dir='ltr'><strong>regnat,</strong></span> <span class='ocrx_word' id='word_1_336' title='bbox 544 4415 650 4477; x_wconf 89' lang='lat' dir='ltr'><strong>etiam</strong></span> <span class='ocrx_word' id='word_1_337' title='bbox 674 4433 694 4477; x_wconf 90' lang='lat' dir='ltr'><strong>a</strong></span> <span class='ocrx_word' id='word_1_338' title='bbox 716 4415 889 4478; x_wconf 87' lang='lat' dir='ltr'><strong>communi</strong></span> <span class='ocrx_word' id='word_1_339' title='bbox 912 4413 1005 4477; x_wconf 92' lang='lat' dir='ltr'><strong>bono</strong></span> <span class='ocrx_word' id='word_1_340' title='bbox 1028 4423 1082 4477; x_wconf 91' lang='lat' dir='ltr'><strong>est</strong></span> <span class='ocrx_word' id='word_1_341' title='bbox 1106 4413 1234 4476; x_wconf 92' lang='lat' dir='ltr'><strong>bonum</strong></span> <span class='ocrx_word' id='word_1_342' title='bbox 1254 4409 1408 4492; x_wconf 87' lang='lat' dir='ltr'><strong>singulis,</strong></span> 
     </span>
     <span class='ocr_line' id='line_1_41' title="bbox 285 4507 1407 4593; baseline -0.004 -19"><span class='ocrx_word' id='word_1_343' title='bbox 285 4521 322 4575; x_wconf 88' lang='lat' dir='ltr'><strong>et</strong></span> <span class='ocrx_word' id='word_1_344' title='bbox 346 4511 600 4593; x_wconf 79' lang='lat' dir='ltr'><strong>asingulorum</strong></span> <span class='ocrx_word' id='word_1_345' title='bbox 620 4512 719 4576; x_wconf 91' lang='lat' dir='ltr'><strong>bonis</strong></span> <span class='ocrx_word' id='word_1_346' title='bbox 738 4521 792 4576; x_wconf 89' lang='lat' dir='ltr'><strong>est</strong></span> <span class='ocrx_word' id='word_1_347' title='bbox 811 4512 939 4576; x_wconf 91' lang='lat' dir='ltr'><strong>bonum</strong></span> <span class='ocrx_word' id='word_1_348' title='bbox 960 4511 1153 4588; x_wconf 89' lang='lat' dir='ltr'><strong>communi;</strong></span> <span class='ocrx_word' id='word_1_349' title='bbox 1181 4511 1247 4574; x_wconf 93' lang='lat' dir='ltr'><strong>hoc</strong></span> <span class='ocrx_word' id='word_1_350' title='bbox 1271 4507 1308 4572; x_wconf 85' lang='lat' dir='ltr'><strong>fit</strong></span> <span class='ocrx_word' id='word_1_351' title='bbox 1331 4509 1407 4592; x_wconf 91' lang='lat' dir='ltr'><strong>quia</strong></span> 
     </span>
     <span class='ocr_line' id='line_1_42' title="bbox 287 4609 1407 4689; baseline -0.004 -17"><span class='ocrx_word' id='word_1_352' title='bbox 287 4609 457 4673; x_wconf 90' lang='lat' dir='ltr'><strong>Dominus</strong></span> <span class='ocrx_word' id='word_1_353' title='bbox 476 4629 598 4673; x_wconf 91' lang='lat' dir='ltr'><strong>omnes</strong></span> <span class='ocrx_word' id='word_1_354' title='bbox 617 4611 650 4674; x_wconf 93' lang='lat' dir='ltr'><strong>in</strong></span> <span class='ocrx_word' id='word_1_355' title='bbox 670 4611 768 4674; x_wconf 89' lang='lat' dir='ltr'><strong>caelo</strong></span> <span class='ocrx_word' id='word_1_356' title='bbox 787 4611 830 4675; x_wconf 87' lang='lat' dir='ltr'><strong>ad</strong></span> <span class='ocrx_word' id='word_1_357' title='bbox 854 4609 898 4675; x_wconf 89' lang='lat' dir='ltr'><strong>Se</strong></span> <span class='ocrx_word' id='word_1_358' title='bbox 921 4613 1027 4674; x_wconf 89' lang='lat' dir='ltr'><strong>vertit</strong></span> <span class='ocrx_word' id='word_1_359' title='bbox 1050 4609 1223 4689; x_wconf 88' lang='lat' dir='ltr'><strong>(videatur</strong></span> <span class='ocrx_word' id='word_1_360' title='bbox 1241 4628 1354 4689; x_wconf 83' lang='lat' dir='ltr'><strong>supra,</strong></span> <span class='ocrx_word' id='word_1_361' title='bbox 1375 4625 1407 4669; x_wconf 92' lang='lat' dir='ltr'><strong>n.</strong></span> 
     </span>
    </p>
   </div>
   <div class='ocr_carea' id='block_1_4' title="bbox 0 0 1708 5358">
    <p class='ocr_par' dir='ltr' id='par_1_5' title="bbox 0 0 1708 5358">
     <span class='ocr_line' id='line_1_43' title="bbox 0 0 1708 5358; baseline 0 4"><span class='ocrx_word' id='word_1_362' title='bbox 0 0 1708 5358; x_wconf 95' lang='lat' dir='ltr'><strong> </strong></span> 
     </span>
    </p>
   </div>
  </div>
 </body>
</html>
