3408 5358
268 669 333 740 ²50
469 639 474 650 '
593 669 644 720 nn
666 667 793 722 cunno
817 669 865 722 nr
888 670 1070 723 rununuu.

267 849 304 904 et
323 839 460 920 mundi;
483 857 605 904 omnes
623 850 740 906 autem
759 843 815 926 qui
837 843 873 907 in
891 841 1008 919 caelis,
1026 843 1174 919 luerunt,
1194 861 1272 907 cum
1290 844 1388 908 vixe-

267 947 347 1003 runt
369 939 403 1002 in
428 939 567 1015 mundo,
587 940 621 1003 in
645 939 803 1022 jucundis
824 941 960 1004 animae
983 950 1020 1006 et
1042 941 1181 1024 spiritus
1204 961 1250 1005 ex
1272 959 1389 1006 amore

267 1035 301 1100 in
326 1034 511 1100 Dominum
539 1046 575 1100 et
601 1057 647 1100 ex
673 1055 790 1102 amore
816 1059 901 1121 erga
926 1039 1142 1122 proximum3
1176 1039 1232 1121 qui
1255 1057 1389 1102 amores

266 1134 346 1218 quia
369 1133 520 1215 oppositi
547 1145 638 1209 sunt,
663 1134 741 1199 ideo
769 1136 875 1200 etiam
899 1132 1045 1199 ωἱηῐετηί
1072 1145 1109 1200 et
1135 1135 1222 1200 caeli
1252 1155 1388 1218 prorsus

267 1232 417 1314 separati
436 1241 528 1308 sunt,
547 1241 584 1296 et
602 1233 739 1314 quidem
762 1233 796 1296 in
820 1241 968 1308 tantum,
989 1243 1026 1297 ut
1050 1234 1189 1316 spiritus
1208 1235 1265 1316 qui
1284 1234 1317 1296 in
1336 1235 1388 1298 in·

266 1329 364 1392 lerno
382 1337 437 1392 est
457 1349 499 1393 ne
518 1329 655 1412 quidem
678 1331 768 1393 ausit
789 1331 910 1412 ejicere
929 1331 1009 1394 inde
1027 1349 1130 1394 unurn
1150 1331 1308 1413 digitum,
1329 1337 1388 1394 aut

267 1425 404 1490 elevare
421 1446 590 1490 summurn
606 1428 741 1510 capitis,
759 1447 839 1492 narn
855 1427 1060 1511 quantillum
1077 1427 1168 1510 ejicit
1185 1437 1245 1492 aut
1261 1427 1387 1504 elevat,

267 1531 448 1605 torquetur
466 1531 502 1585 et
521 1523 711 1586 cruciatur:
736 1523 802 1586 hoc
822 1543 957 1606 quoque
976 1524 1112 1605 saepius
1131 1525 1241 1588 visum
1260 1533 1325 1588 est.

330 1634 431 1702 4⁰1.
463 1617 580 1683 Homo
602 1621 659 1703 qui
678 1621 712 1683 in
730 1640 848 1684 amore
871 1621 921 1684 sui
945 1631 981 1684 et
1005 1621 1122 1684 mundi
1140 1630 1206 1696 est,
1227 1621 1389 1704 quamdiu

267 1715 302 1778 in
329 1735 472 1798 corpore
495 1717 591 1792 vivit,
617 1719 721 1781 sentit
746 1715 932 1800 jucundum
957 1739 1002 1781 ex
1026 1717 1104 1794 illis,
1129 1727 1165 1782 et
1192 1738 1327 1801 quoque
1345 1719 1388 1802 ,in

267 1811 411 1894 singulis
430 1813 666 1896 voluptatibus
682 1835 769 1898 quae
788 1825 869 1879 sunt
887 1835 933 1878 ex
952 1815 1041 1879 illis:
1072 1815 1177 1879 homo
1196 1826 1313 1879 autem
1333 1816 1389 1899 qui

266 1909 302 1972 in
320 1929 437 1976 amore
455 1913 490 1975 in
507 1911 618 1976 Deum
634 1921 671 1976 et
686 1913 721 1975 in
740 1931 857 1976 amore
873 1933 956 1996 erga
972 1913 1166 1996 proximum
1186 1923 1251 1988 est,
1268 1932 1387 1996 quarn·

267 2007 325 2072 diu
347 2008 381 2072 in
404 2029 547 2092 corpore
569 2010 665 2086 vivit,
690 2029 759 2073 non
788 2011 896 2074 sentit
923 2011 1106 2074 manifeste
1132 2011 1320 2092 jucundum
1342 2031 1388 2073 ex

266 2101 345 2183 illis,
363 2115 399 2171 et
415 2127 460 2170 ex
476 2105 711 2172 affeetionibus
727 2108 826 2171 bonis
842 2129 929 2192 quae
948 2118 1028 2173 sunt
1046 2129 1092 2172 ex
1110 2108 1189 2182 illis,
1207 2109 1268 2173 sed
1285 2107 1389 2172 modo

267 2203 409 2268 beatum
442 2225 552 2288 paene
587 2205 874 2288 imperceptibile‚
905 2207 983 2288 quia
1018 2207 1235 2271 reconditum
1268 2215 1322 2270 est
1355 2207 1389 2270 in

266 2301 485 2366 interioribus
508 2301 589 2384 ejus,
609 2311 645 2366 et
668 2301 868 2378 obvelatum
890 2303 935 2367 ab
957 2303 1185 2368 exterioribus
1203 2324 1290 2388 quae
1308 2313 1389 2368 sunt

267 2399 432 2480 corporis,
463 2407 499 2464 et
529 2421 590 2484 per
616 2420 715 2464 curas
742 2401 860 2464 mundi
888 2400 1112 2464 hebetatum:
1148 2410 1185 2465 at
1212 2411 1390 2465 mutantur

267 2516 404 2579 prorsus
415 2493 533 2560 ¹status
552 2507 632 2580 post
652 2505 822 2576 mortem;
842 2496 992 2580 jucunda
1007 2497 1134 2561 amoris
1150 2499 1200 2561 sui
1217 2509 1253 2562 et
1273 2499 1389 2562 mundi

267 2604 449 2658 vertuntur
472 2604 554 2658 ωηο
584 2595 617 2658 ἰη
649 2593 827 2658 dolorilica
853 2585 894 2658 ab
925 2595 1007 2672 dira,
1032 2596 1110 2678 quia
1132 2595 1167 2658 in
1190 2589 1389 2680 talia'quae

267 2702 435 2756 vocantur
453 2693 541 2773 ignis
561 2692 746 2768 infernalis,
764 2701 800 2756 et
820 2711 881 2774 per
897 2693 990 2756 vices
1009 2693 1042 2755 in
1060 2711 1184 2774 spurca
1199 2701 1235 2756 et
1251 2695 1389 2756 sordida

258 2789 450 2860 ¹immundis
465 2789 600 2854 illorum
616 2789 854 2872 voluptatibus
870 2790 1186 2872 correspondentia,
1204 2811 1291 2872 quae
1307 2799 1388 2854 tunc

267 2885 346 2962 illis,
364 2888 464 2976 quod¹
474 2889 607 2962 mirum,
620 2885 771 2968 jucunda
788 2896 879 2950 sunt.
912 2883 980 2950 Sed
993 2885 1179 2969 jucundum
1196 2887 1388 2960 obscurum,

267 3003 307 3047 ac
327 2985 467 3047 beatum
484 3005 594 3068 paene
612 2983 895 3066 imperceptibile‚
912 2983 1003 3068 quod
1021 2983 1131 3048 luerat
1150 2985 1240 3067 apud
1259 2984 1337 3048 illos
1355 2985 1390 3048 in

268 3081 407 3154 mundo,
432 3081 544 3162 quiin
568 3099 685 3144 amore
708 3081 741 3142 in
765 3078 876 3144 Deum
900 3089 936 3143 et
969 3080 1003 3144 in
1026 3098 1142 3144 amore
1166 3100 1248 3162 erga
1272 3079 1389 3162 proxi·

267 3195 361 3242 mum
380 3177 524 3252 luerunt,
542 3179 686 3240 vertitur
702 3185 784 3240 tunc
803 3177 838 3239 in
853 3175 1040 3258 jucundum
1057 3176 1155 3254 caeli,
1172 3177 1263 3258 quod
1280 3177 1389 3242 omni·

268 3275 331 3338 bus
350 3276 462 3338 modis
484 3273 708 3357 perceptibile
730 3283 766 3337 et
789 3273 952 3338 sensibile
975 3273 1034 3352 fit;
1065 3274 1098 3336 id
1122 3275 1213 3338 enim
1236 3274 1389 3348 beatum,

268 3371 359 3454 quod
383 3372 596 3436 reconditum
625 3371 727 3435 latuit
760 3371 794 3435 in
824 3372 1040 3436 interioribus
1062 3391 1140 3434 cum
1163 3373 1325 3435 vixerunt
1356 3371 1390 3434 in

268 3470 409 3544 mundo,
424 3469 596 3533 revelatur
612 3479 694 3534 tunc
710 3489 751 3532 ac
767 3469 938 3532 emittitur
954 3470 988 3532 in
1005 3469 1223 3534 manifestum
1239 3487 1389 3542 sensum,

268 3568 347 3648 quia
369 3569 403 3630 in
427 3569 548 3650 spiritu
570 3577 652 3630 tunc
676 3575 767 3641 sunt,
791 3577 828 3632 et
850 3567 885 3630 id
904 3565 1089 3648 jucundum
1112 3585 1230 3632 eorum
1253 3567 1390 3650 spiritus

268 3665 341 3730 fuit.
573 3657 575 3662 ⁵

331 3777 433 3847 4⁰2.
466 3759 593 3826 Omnia
615 3761 764 3843 jucunda
789 3761 877 3826 'caeli
899 3759 1081 3842 conjuncta
1107 3770 1187 3826 sunt
1211 3781 1250 3825 ac
1274 3761 1390 3825 insunt

269 3860 395 3936 usibus,
413 3860 491 3942 quia
507 3879 587 3922 usus
606 3867 685 3922 sunt
702 3859 794 3922 bona
809 3859 935 3922 amoris
954 3867 989 3922 et
1009 3858 1201 3934 charitatis,
1218 3859 1390 3940 inquibus

269 3967 349 4020 sunt
365 3957 501 4038 angeli;
521 3965 731 4039 quapropter
746 3955 830 4020 talia
846 3956 986 4020 cuilibet
998 3954 1149 4038 jucunda
1165 3965 1256 4031 sunt,
1270 3955 1390 4037 quales

269 4063 349 4118 sunt
380 4075 471 4128 usus,
496 4063 532 4116 et
555 4074 691 4136 quoque
713 4054 748 4116 in
771 4052 833 4116 tali
860 4053 969 4134 gradu
1002 4054 1037 4116 in
1064 4053 1156 4136 quali
1178 4063 1234 4116 est
1256 4051 1390 4117 affebtio

270 4171 360 4215 usus.
406 4149 509 4232 Quod
529 4152 644 4214 omnia
659 4150 809 4232 jucunda
831 4150 919 4214 caeli
941 4152 1010 4214 sint
1026 4151 1177 4232 jucunda
1195 4171 1285 4225 usus,
1306 4170 1389 4213 con·

269 4259 363 4313 stare
381 4259 498 4331 potest
514 4269 559 4311 ex
576 4248 836 4328 comparatione
854 4267 932 4311 curn
949 4249 1096 4330 quinque
1112 4249 1265 4329 corporis
1280 4248 1390 4310 sensi-

269 4347 333 4410 bus
362 4347 452 4429 apud
482 4345 676 4409 hominem:
712 4345 831 4408 datum
859 4354 913 4408 est
940 4345 1047 4407 cuivis
1070 4346 1184 4408 sensui
1204 4344 1389 4424 jucundum

270 4445 458 4508 secundum
474 4443 545 4524 ejus
561 4462 658 4506 usum
673 4463 681 4520 ;
704 4442 790 4505 visui
806 4461 903 4505 suurn
916 4441 1114 4523 jucundum,
1131 4441 1262 4504 auditui
1280 4461 1389 4514 suurn.

270 4539 409 4605 olla&ui
432 4559 540 4616 suurn,
561 4541 678 4623 gustui
701 4559 809 4615 suum,
829 4549 866 4604 et
889 4537 997 4603 tanai
1020 4557 1139 4616 suum;
1164 4539 1249 4602 visui
1269 4537 1389 4619 jucun·

268 4640 349 4702 dum
378 4660 424 4703 ex
457 4638 711 4722 pulchritudine
738 4647 774 4702 et
800 4637 927 4714 formis,
956 4635 1087 4700 auditui
1116 4655 1162 4700 ex
1191 4635 1389 4710 harmoniis,
