3350 5366
316 650 379 732 3724
549 653 551 660 ’
635 662 686 714 ms
708 661 835 713 cauco
858 661 908 713 uc
931 657 1113 714 mannua

314 827 483 900 'iocantur
505 831 617 915 genii3
648 851 688 896 ac
712 833 758 897 ibi
781 853 897 898 eorum
919 832 1104 915 jucundum
1127 842 1182 897 est
1204 854 1242 897 se
1264 833 1439 918 inconspi-

314 947 397 995 cuos
416 928 571 1003 reddere,
592 948 631 992 ac
655 929 781 993 circum
799 929 884 992 alios
901 931 990 992 sicut
1010 929 1126 992 larvae
1145 929 1303 1006 volitare,
1323 949 1364 993 ac
1388 932 1439 994 in·

313 1025 400 1090 ferre
413 1025 504 1088 mala
517 1025 551 1086 in
564 1024 779 1100 abscondito,
791 1043 878 1106 quae
891 1025 1189 1106 circumspargunt
1200 1025 1290 1088 sicut
1302 1027 1439 1108 viperae

313 1136 467 1185 venena:
492 1117 540 1182 illi
558 1139 639 1202 prae
657 1120 783 1182 ceteris
798 1120 870 1182 dire
889 1121 1094 1183 cruciantur.
1140 1119 1191 1183 At
1211 1120 1267 1203 qui
1286 1139 1356 1184 non
1376 1121 1438 1183 do·

313 1213 390 1290 losi,
420 1223 456 1279 et
486 1215 623 1278 astutiis
650 1211 811 1295 malignis
841 1215 986 1282 inescati
1015 1215 1163 1291 fuerunt,
1188 1225 1224 1280 et
1254 1225 1373 1279 tamen
1402 1217 1436 1280 in

314 1310 413 1375 malis
430 1332 475 1373 ex
492 1329 608 1372 amore
625 1311 685 1384 sui,
702 1311 809 1374 etiam
825 1310 859 1372 in
876 1311 1014 1374 infernis
1029 1331 1050 1374 a
1065 1321 1166 1392 tergo
1182 1320 1272 1386 sunt,
1290 1312 1351 1375 sed
1368 1327 1437 1375 non

313 1409 348 1472 in
363 1417 435 1470 tam
452 1405 635 1488 profundis.
681 1403 736 1467 Illi
750 1413 866 1468 autem
883 1405 938 1488 qui
958 1407 992 1468 in
1009 1405 1109 1469 malis
1124 1425 1170 1469 ex
1187 1424 1306 1470 amore
1319 1407 1437 1470 mundi

312 1501 459 1576 fuerunt,
480 1507 559 1564 sunt
582 1499 616 1562 in
639 1499 778 1564 infernis
797 1509 1004 1576 antrorsum,
1024 1509 1061 1564 et
1085 1511 1253 1566 vocantur
1276 1503 1435 1584 spiritual

313 1597 348 1661 hi
371 1616 440 1660 non
460 1595 545 1658 talia
564 1594 655 1658 mala
671 1603 760 1670 sunt,
780 1594 846 1659 hoc
864 1604 930 1670 est,
950 1615 1020 1658 non
1039 1595 1124 1659 talia
1142 1597 1222 1659 odia
1244 1607 1281 1660 et
1303 1597 1435 1660 vindic·

314 1703 383 1766 tae,
398 1693 488 1755 sicut
506 1691 562 1773 qui
581 1691 615 1752 in
632 1689 730 1753 malis
749 1710 795 1755 ex
815 1709 932 1755 amore
948 1692 1010 1766 sui,
1027 1691 1171 1774 proinde
1187 1710 1250 1756 nec
1269 1691 1337 1755 illis
1356 1691 1437 1756 talia

314 1785 447 1851 malitia
461 1795 496 1850 et
512 1785 660 1864 astutia;
684 1803 788 1870 quare
801 1787 908 1849 etiam
921 1805 1038 1849 eorum
1052 1786 1183 1850 inferna
1195 1795 1275 1850 sunt
1288 1788 1435 1852 mitiora.

375 1895 476 1963 579.
506 1879 635 1944 Datum
651 1888 704 1943 est
723 1899 783 1963 per
801 1881 1053 1963 experientiam
1073 1901 1175 1945 nosse
1195 1881 1285 1964 quali
1304 1882 1437 1946 malitia

313 1987 393 2042 sunt
416 1975 465 2040 illi
489 1977 545 2058 qui
564 1976 655 2056 genii
674 1985 855 2039 vocantur.
901 1974 1000 2040 Genii
1020 1995 1089 2039 non
1112 1986 1298 2058 operantur
1320 1995 1359 2040 ac
1382 1978 1435 2040 in·

312 2071 420 2137 fluunt
444 2073 477 2134 in
502 2071 746 2152 cogitationes,
767 2071 828 2134 sed
852 2071 886 2133 in
909 2069 1128 2136 affedtiones:
1155 2071 1220 2134 has
1242 2071 1434 2154 appercipi·

313 2179 386 2244 unt,
411 2177 447 2230 et
477 2165 625 2230 odorant
648 2165 738 2230 sicut
768 2185 872 2229 canes
902 2165 941 2228 in
967 2165 1062 2229 silvis
1093 2166 1203 2245 feras;
1237 2164 1435 2230 affectiones

312 2264 432 2338 bonas,
450 2263 507 2325 ubi
529 2261 605 2324 illas
624 2261 874 2342 appercipiunt,
892 2271 1070 2325 momento
1090 2271 1231 2325 vertunt
1255 2263 1288 2324 in
1312 2261 1432 2337 malas,

312 2357 471 2421 ducendo
490 2367 525 2420 et
545 2353 715 2444 fiectendo
734 2354 811 2419 illas
827 2357 1028 2420 mirabiliter
1043 2375 1104 2439 per
1118 2356 1267 2438 jucunda
1283 2357 1432 2432 alterius,

311 2461 348 2516 et
367 2452 433 2514 hoc
453 2462 526 2514 tam
545 2451 773 2525 clandestine,
793 2471 832 2514 ac
856 2451 918 2515 tali
938 2461 1014 2516 arte
1033 2452 1197 2534 maligna,
1218 2463 1255 2515 ut
1274 2451 1364 2516 alter
1382 2455 1433 2515 ni-

310 2545 418 2610 hilde
435 2567 476 2609 eo
492 2547 617 2609 resciat
632 2567 640 2624 ;
664 2545 822 2609 cavendo
838 2546 987 2610 solerter
1003 2567 1045 2611 ne
1065 2547 1192 2630 aliquid
1211 2549 1318 2610 intret
1337 2549 1433 2629 cogi·⁴

310 2641 493 2716 tationem,
524 2641 685 2722 quoniam
719 2641 767 2704 sic
800 2641 1071 2705 manifestantur.
1125 2641 1228 2724 Apud
1258 2643 1434 2705 hominem

309 2735 465 2800 assident
484 2736 548 2799 sub
563 2736 732 2818 occipitio.
778 2735 825 2799 Hi
848 2737 1030 2800 inmundo
1052 2735 1187 2800 fuerunt
1209 2736 1257 2799 illi
1276 2737 1433 2801 homines

310 2833 367 2914 qui
390 2830 511 2895 dolose
534 2839 761 2914 captaverunt
785 2831 928 2894 aliorum
948 2833 1081 2895 animos
1100 2833 1259 2896 ducendo
1288 2833 1367 2896 illos
1396 2843 1433 2897 et

310 2925 550 3008 persuadendo
569 2947 630 3008 per
646 2925 796 3006 jucunda
811 2923 1028 2990 affectionum
1047 2947 1107 2990 seu
1126 2928 1353 3009 cupiditatum
1371 2947 1432 2991 eo-

309 3039 393 3086 rum.
439 3019 508 3084 Sed
525 3020 573 3084 illi
591 3039 612 3080 a
631 3021 782 3084 Domino
798 3031 959 3084 arcentur
974 3021 1019 3085 ab
1034 3023 1127 3085 omni
1143 3023 1282 3086 homine
1301 3023 1344 3086 de
1364 3043 1432 3106 quo

310 3115 423 3198 aliqua
450 3135 529 3198 spes
556 3114 808 3178 reformationis
837 3125 915 3196 est;
950 3116 1039 3180 tales
1070 3117 1160 3180 enirn
1191 3127 1271 3181 sunt
1294 3127 1332 3182 ut
1361 3137 1431 3182 non

310 3213 414 3276 modo
437 3213 569 3294 possint
589 3209 819 3283 conscientias
836 3211 1024 3288 destruere,
1044 3214 1105 3275 sed
1128 3213 1235 3276 etiam
1254 3213 1344 3294 apud
1367 3213 1431 3276 ho·

309 3307 436 3370 minem
455 3306 609 3370 excitare
628 3303 698 3387 ejus
718 3305 808 3368 mala
827 3305 1044 3381 hereditaria,
1062 3327 1149 3390 quae
1167 3308 1294 3390 alioqui
1309 3327 1431 3371 recon-

309 3404 382 3466 dita
397 3401 534 3482 jacent:
560 3419 663 3482 quare
683 3420 726 3463 ne
744 3400 850 3464 homo
869 3401 901 3464 in
921 3423 962 3464 ea
981 3401 1172 3478 inducatur,
1194 3403 1393 3484 providetur
1410 3423 1431 3466 a

310 3495 461 3562 Domino
478 3507 515 3560 ut
537 3495 623 3559 haec
643 3495 774 3559 inferna
789 3516 926 3578 prorsus
943 3497 1082 3560 occlusa
1098 3499 1187 3576 sint3
1212 3505 1248 3562 et
1272 3517 1348 3561 cum
1368 3497 1429 3562 ali-

309 3594 383 3676 quis
406 3591 512 3654 homo
535 3600 614 3671 post
634 3600 795 3664 mortem,
817 3591 873 3673 qui
896 3591 977 3654 talis
997 3593 1117 3674 genius
1140 3601 1205 3668 est,
1224 3593 1259 3656 in
1283 3592 1428 3656 alteram

308 3689 417 3753 vitam
432 3687 539 3760 venit,
556 3686 584 3748 is
599 3683 754 3748 adiutum
773 3687 806 3748 in
823 3705 942 3749 eorum
959 3685 1125 3750 infernum
1141 3685 1329 3768 conjicitur.
1375 3687 1430 3750 llli

308 3781 426 3856 etiam,
444 3797 520 3842 cum
540 3779 764 3861 inspiciuntur
782 3781 895 3862 quoad
914 3781 1014 3846 dolos
1032 3790 1068 3845 et
1086 3783 1243 3857 astutias,
1261 3793 1430 3865 apparent·

308 3875 397 3939 sicut
417 3873 563 3954 viperae.

323 4045 326 4052 Δ
371 3967 476 4052 58⁰.
506 3965 627 4050 Qualis
650 3968 784 4032 malitia
809 3975 864 4032 est
893 3966 1067 4048 spiritibus
1089 3966 1320 4041 infernalibus,
1344 3985 1427 4030 con·

308 4074 400 4128 stare
430 4073 548 4146 potest
579 4083 624 4126 ex
654 4063 785 4127 artibus
808 4081 926 4127 eorum
949 4061 1128 4140 nefandis;
1162 4081 1249 4144 quae
1279 4061 1427 4126 totidem

308 4169 400 4236 sunt,
420 4169 459 4222 ut
478 4158 678 4241 impleretur
695 4157 780 4221 liber
798 4157 864 4220 illis
883 4157 1136 4232 enumerandis,
1155 4175 1195 4220 ac
1220 4155 1333 4238 plures
1352 4155 1428 4220 libri

307 4250 374 4319 illis
397 4253 642 4318 describendis.
687 4250 775 4317 Sunt
798 4251 876 4315 illae
899 4261 992 4314 artes
1014 4271 1123 4334 paene
1146 4271 1267 4314 omnes
1286 4253 1427 4332 ignotae

306 4352 340 4413 in
365 4349 503 4413 mundo.
553 4347 661 4413 Unum
679 4365 790 4429 genus
812 4367 849 4410 se
878 4345 981 4410 refert
1003 4347 1047 4409 ad
1077 4347 1203 4410 abusus
1222 4365 1425 4428 correspon-

307 4445 510 4508 dentiarum.
554 4441 721 4516 Alterum,
739 4441 782 4504 ad
802 4441 927 4504 abusus
946 4439 1144 4506 ultimorum
1158 4441 1285 4504 ordinis
1302 4439 1426 4503 Divini.

314 4535 470 4612 Tertricm,
491 4537 534 4601 ad
557 4537 905 4601 communicationem
928 4545 965 4600 et
988 4535 1152 4599 influxum
1174 4536 1426 4616 cogitationum

307 4644 343 4699 et
366 4631 594 4706 alfediionum,
616 4651 676 4714 per
693 4632 947 4708 conversiones,
967 4649 1028 4713 per
1045 4627 1288 4713 inspectiones,
1307 4640 1343 4693 et
1367 4649 1427 4713 per
