3382 5358
605 587 656 638 DE
678 587 805 640 CAELO
828 587 876 639 ΕΤ
899 588 1082 641 INFERNO.

757 871 921 1046 [axvi]

482 1143 541 1211 Du
564 1145 763 1210 Porarrrm
786 1146 1035 1212 Aucacorrun
1059 1145 1190 1212 Canni.

340 1331 434 1398 2²8·
465 1327 567 1412 Quod
598 1330 730 1412 angelis
753 1331 797 1395 sit
821 1332 990 1414 potentia,
1015 1351 1084 1394 non
1108 1351 1230 1415 capere
1254 1351 1380 1414 possun

275 1425 335 1500 illi,
355 1426 411 1508 qui
441 1425 524 1488 nihil
548 1425 591 1488 de
615 1425 783 1507 spirituali
810 1427 949 1502 mundo,
970 1436 1005 1490 et
1035 1427 1078 1490 de
1108 1426 1179 1508 ejus
1206 1427 1337 1496 influxu
1363 1429 1397 1490 in

276 1520 468 1584 naturalem
492 1521 627 1598 sciunt;
657 1521 816 1602 cogitant
839 1521 899 1596 illi,
920 1521 1012 1603 quod
1035 1522 1170 1603 angelis
1194 1541 1262 1584 non
1287 1523 1397 1604 possit

275 1635 352 1678 esse
368 1615 537 1696 potentia,
558 1616 637 1698 quia
655 1615 850 1697 spirituales
869 1626 960 1691 sunt,
979 1625 1014 1680 et
1031 1627 1103 1679 tam
1120 1617 1192 1698 puri
1211 1627 1246 1680 et
1266 1625 1396 1692 tenues,

275 1721 313 1774 ut
337 1731 380 1773 ne
403 1711 539 1792 quidem
563 1712 670 1774 videri
700 1713 834 1794 possint
865 1706 994 1775 oculis:
1026 1713 1087 1776 sed
1115 1713 1170 1794 qui
1197 1713 1340 1776 interius
1363 1713 1396 1775 in

275 1827 395 1870 causas
413 1825 524 1870 rerum
548 1807 744 1888 inspiciunt,
765 1807 865 1870 aliter
884 1808 1055 1886 sentiunt;
1080 1817 1205 1871 norunt
1224 1807 1284 1883 illi,
1305 1807 1396 1890 quod

275 1903 385 1965 omnis
401 1903 569 1982 potentia,
590 1922 676 1984 quae
695 1911 749 1966 est
773 1901 913 1977 homini,
931 1903 976 1966 sit
1000 1921 1045 1965 ex
1069 1901 1139 1982 ejus
1160 1900 1341 1966 intellettu
1360 1913 1397 1966 et

268 1998 464 2072 voluntate,
486 2017 566 2060 nam
590 1997 719 2080 absque
741 1997 809 2060 illis
832 2018 902 2061 non
926 1997 1128 2080 particulam
1152 1998 1305 2079 corporis
1321 2017 1395 2062 mo-

274 2113 353 2156 vere
377 2101 504 2173 potest.
549 2091 751 2156 Intelledtus
778 2101 814 2156 et
841 2092 1004 2156 voluntas
1034 2101 1088 2156 est
1111 2091 1182 2172 ejus
1209 2093 1396 2175 spiritualis

274 2188 396 2266 homo;
421 2187 448 2250 is
467 2187 540 2268 agit
559 2206 682 2269 corpus
702 2195 736 2251 et
755 2187 852 2269 hujus
871 2187 1024 2251 membra
1039 2187 1083 2250 ad
1099 2207 1237 2250 omnem
1254 2198 1394 2266 nutum;

274 2301 353 2346 nam
376 2282 467 2365 quod
491 2283 518 2344 is
538 2283 682 2363 cogitat,
703 2282 737 2345 id
761 2282 911 2365 loquitur
930 2303 968 2346 os
991 2290 1027 2345 et
1049 2281 1176 2363 lingua,
1194 2292 1230 2346 et
1252 2283 1344 2365 quod
1368 2283 1395 2344 is

273 2378 346 2442 vult
364 2379 429 2441 hoc
446 2379 519 2459 agit
537 2397 678 2458 corpus;
703 2378 808 2441 etiam
825 2379 887 2441 dat
903 2379 991 2440 vires
1010 2377 1054 2440 ad
1071 2377 1225 2440 lubitum.
1273 2377 1394 2440 Homi-

274 2474 326 2536 nis
343 2473 504 2535 voluntas
520 2481 555 2535 et
570 2470 767 2536 intelledtus
787 2483 952 2554 reguntur
971 2492 991 2535 a
1008 2472 1159 2536 Domino
1175 2492 1235 2554 per
1251 2472 1395 2554 angelos

273 2579 308 2632 et
333 2569 491 2649 spiritus;
521 2577 557 2631 et
581 2568 660 2650 quia
677 2567 839 2630 voluntas
862 2577 897 2630 et
921 2565 1130 2642 intelledtus,
1150 2568 1255 2630 etiam
1279 2568 1395 2630 omnia

273 2663 436 2745 corporis,
456 2663 616 2744 quoniam
640 2663 725 2726 haec
753 2663 832 2726 inde
856 2673 954 2727 sunt:
990 2672 1026 2726 et
1053 2664 1081 2726 si
1104 2662 1243 2726 credere
1267 2663 1393 2737 velitis,

272 2759 377 2822 homo
404 2779 447 2821 ne
480 2759 617 2840 quidem
647 2777 785 2841 passum
809 2775 947 2822 movere
971 2766 1089 2840 potest
1112 2757 1241 2840 absque
1264 2757 1393 2821 influxu

272 2851 368 2915 caeli.
414 2849 516 2933 Quod
532 2853 582 2916 ita
597 2855 654 2928 sit,
669 2873 729 2934 per
745 2853 890 2917 multam
907 2853 1158 2935 experientiam
1175 2852 1257 2915 mihi
1273 2863 1392 2916 osten-

273 2965 348 3010 sum
370 2957 443 3010 est:
473 2947 591 3010 datum
616 2958 670 3012 est
692 2947 826 3030 angelis
850 2967 987 3012 movere
1011 2967 1107 3011 meos
1130 2967 1278 3028 gressus,
1299 2967 1393 3011 meas

272 3039 436 3118 adtiones,
454 3061 567 3105 meam
584 3042 736 3126 linguam
753 3053 788 3108 et
805 3043 988 3126 loquelam,
1006 3044 1094 3106 sicut
1111 3043 1254 3118 vellent,
1272 3052 1308 3106 et
1326 3043 1392 3106 hoc

273 3158 333 3220 per
360 3137 525 3201 influxum
555 3140 589 3200 in
616 3157 728 3202 meam
753 3138 968 3202 voluntatem
996 3147 1032 3200 et
1056 3139 1326 3219 cogitationem;
1357 3148 1394 3201 et

271 3243 438 3314 expertus
447 3233 538 3315 quod
552 3232 635 3296 nihil
652 3254 697 3296 ex
713 3253 767 3296 me
781 3251 927 3316 possem.
968 3232 1140 3296 Dixerunt
1157 3241 1289 3314 postea,
1302 3233 1393 3314 quod

271 3328 498 3410 unusquisque
515 3327 620 3391 homo
638 3329 689 3392 ita
704 3339 854 3409 regatur,
872 3338 907 3391 et
924 3328 1015 3410 quod
1031 3327 1097 3390 hoc
1117 3329 1203 3391 scire
1223 3329 1331 3410 possit
1348 3349 1392 3389 ex

271 3421 429 3488 dotirina
444 3423 611 3488 ecclesiae
627 3433 663 3488 et
681 3445 726 3488 ex
747 3423 884 3502 Verbo;
909 3433 985 3488 orat
1001 3424 1092 3486 enim
1109 3432 1145 3486 ut
1164 3423 1257 3486 Deus
1274 3424 1393 3488 mittat

272 3539 352 3583 suos
374 3518 529 3600 angelos,
554 3520 611 3602 qui
638 3520 767 3583 ducant
797 3518 902 3593 illum,
923 3527 1047 3600 regant
1070 3537 1207 3600 gressus
1229 3517 1311 3598 ejus,
1329 3520 1391 3582 do·

272 3622 374 3678 ceant
393 3613 488 3677 illurn
508 3623 544 3677 et
565 3616 732 3697 inspirent
756 3613 836 3696 quid
858 3615 992 3696 cogitet
1012 3614 1147 3696 etquid
1167 3613 1336 3696 loquatur,
1357 3625 1393 3677 et

271 3709 387 3792 plura;
411 3711 561 3784 tametsi,
580 3709 660 3774 dum
677 3719 777 3773 extra
794 3706 985 3773 dodtrinam
1001 3727 1117 3772 secum
1134 3710 1279 3790 cogitat,
1293 3705 1393 3772 aliter

270 3805 354 3868 dicit
373 3813 409 3870 et
425 3804 545 3868 credit.
588 3803 684 3870 Haec
701 3801 793 3869 dit'ta
808 3813 899 3880 sunt,
913 3813 951 3868 ut
968 3803 1095 3868 sciatur
1107 3803 1217 3886 qualis
1236 3805 1393 3886 potentia

272 3909 326 3964 est
345 3899 479 3981 angelis
497 3899 588 3982 apud
607 3899 793 3963 hominem.

333 4005 430 4073 119.
459 3993 675 4076 Angelorum
699 4005 815 4058 autem
839 3995 994 4076 potentia
1017 3995 1051 4058 in
1076 3995 1204 4057 mundo
1227 3995 1392 4078 spirituali

271 4097 372 4152 tanta
394 4099 459 4166 est,
484 4099 522 4154 ut
545 4091 572 4152 si
595 4090 710 4153 omnia
732 4091 766 4153 in
797 4091 946 4154 medium
969 4091 1134 4164 afferrem,
1158 4111 1246 4172 quae
1269 4091 1312 4153 de
1335 4089 1393 4152 illa

270 4207 290 4249 a
309 4205 365 4249 me
382 4185 456 4248 visa
475 4193 566 4261 sunt,
584 4184 686 4249 fidem
710 4186 933 4250 excederent.
978 4185 1013 4250 Si
1036 4186 1162 4268 aliquid
1186 4187 1231 4248 ibi
1250 4186 1391 4260 resistit,

271 4281 362 4366 quod
381 4281 627 4345 removendum
643 4290 708 4357 est,
729 4282 807 4363 quia
824 4292 947 4345 contra
966 4283 1121 4344 ordinem
1141 4281 1313 4354 Divinum,
1331 4281 1392 4343 de·

266 4378 387 4458 jiciunt
400 4387 436 4440 et
449 4384 611 4440 evertunt
625 4375 736 4440 solum
750 4397 809 4459 per
823 4378 931 4442 nisum
943 4376 1132 4440 voluntatis
1145 4387 1181 4440 ct
1194 4371 1369 4458 as'pettum
1382 4395 1389 4436 :

270 4475 320 4536 ita
343 4481 492 4548 montes,
512 4471 569 4554 qui
588 4473 747 4554 occupati
770 4471 905 4536 luerunt
924 4493 945 4535 a
963 4471 1072 4547 malis,
1093 4471 1163 4534 vidi
1186 4467 1337 4552 dejettos
1357 4479 1392 4532 ct

271 4587 421 4644 eversos,
439 4566 647 4652 quandoque
666 4577 917 4652 conquassatos
935 4567 979 4632 ab
998 4587 1066 4633 uno
1085 4566 1151 4633 fine
1170 4569 1214 4632 ad
1233 4569 1391 4640 alterum.
