<?xml version="1.0" encoding="UTF-8"?>
<!DOCTYPE html PUBLIC "-//W3C//DTD XHTML 1.0 Transitional//EN"
    "http://www.w3.org/TR/xhtml1/DTD/xhtml1-transitional.dtd">
<html xmlns="http://www.w3.org/1999/xhtml" xml:lang="en" lang="en">
 <head>
  <title>
</title>
<meta http-equiv="Content-Type" content="text/html;charset=utf-8" />
  <meta name='ocr-system' content='tesseract 3.04.00' />
  <meta name='ocr-capabilities' content='ocr_page ocr_carea ocr_par ocr_line ocrx_word'/>
</head>
<body>
  <div class='ocr_page' id='page_1' title='image "./decaeloetejusmi00swedgoog_0327.png"; bbox 0 0 3350 5366; ppageno 0'>
   <div class='ocr_carea' id='block_1_1' title="bbox 310 651 1113 726">
    <p class='ocr_par' dir='ltr' id='par_1_1' title="bbox 310 651 1113 726">
     <span class='ocr_line' id='line_1_1' title="bbox 310 651 1113 726; baseline -0.006 -19"><span class='ocrx_word' id='word_1_1' title='bbox 310 659 373 726; x_wconf 83' lang='lat'>3²⁰</span> <span class='ocrx_word' id='word_1_2' title='bbox 637 655 686 705; x_wconf 83' lang='lat' dir='ltr'>nn</span> <span class='ocrx_word' id='word_1_3' title='bbox 709 651 836 706; x_wconf 69' lang='lat' dir='ltr'>cauno</span> <span class='ocrx_word' id='word_1_4' title='bbox 861 653 907 704; x_wconf 78' lang='lat' dir='ltr'>ur</span> <span class='ocrx_word' id='word_1_5' title='bbox 933 651 1113 704; x_wconf 81' lang='lat' dir='ltr'>ruranuo.</span> 
     </span>
    </p>
   </div>
   <div class='ocr_carea' id='block_1_2' title="bbox 302 823 1432 2618">
    <p class='ocr_par' dir='ltr' id='par_1_2' title="bbox 306 823 1432 1555">
     <span class='ocr_line' id='line_1_2' title="bbox 312 823 1430 910; baseline -0.001 -20"><span class='ocrx_word' id='word_1_6' title='bbox 312 825 403 890; x_wconf 90' lang='lat' dir='ltr'>ultra</span> <span class='ocrx_word' id='word_1_7' title='bbox 421 823 549 890; x_wconf 90' lang='lat' dir='ltr'>limites</span> <span class='ocrx_word' id='word_1_8' title='bbox 565 825 681 891; x_wconf 89' lang='lat' dir='ltr'>decori</span> <span class='ocrx_word' id='word_1_9' title='bbox 700 834 736 889; x_wconf 91' lang='lat' dir='ltr'>et</span> <span class='ocrx_word' id='word_1_10' title='bbox 754 823 903 889; x_wconf 80' lang='lat' dir='ltr'>honesti.</span> <span class='ocrx_word' id='word_1_11' title='bbox 948 823 1050 888; x_wconf 88' lang='lat' dir='ltr'>Patet</span> <span class='ocrx_word' id='word_1_12' title='bbox 1067 823 1172 888; x_wconf 90' lang='lat' dir='ltr'>etiam</span> <span class='ocrx_word' id='word_1_13' title='bbox 1191 843 1235 887; x_wconf 90' lang='lat' dir='ltr'>ex</span> <span class='ocrx_word' id='word_1_14' title='bbox 1254 843 1307 900; x_wconf 91' lang='lat' dir='ltr'>eo,</span> <span class='ocrx_word' id='word_1_15' title='bbox 1327 825 1430 910; x_wconf 92' lang='lat' dir='ltr'>quod,</span> 
     </span>
     <span class='ocr_line' id='line_1_3' title="bbox 310 920 1430 1002; baseline -0.001 -16"><span class='ocrx_word' id='word_1_16' title='bbox 310 942 387 986; x_wconf 92' lang='lat' dir='ltr'>cum</span> <span class='ocrx_word' id='word_1_17' title='bbox 406 921 512 986; x_wconf 91' lang='lat' dir='ltr'>horno</span> <span class='ocrx_word' id='word_1_18' title='bbox 530 921 620 984; x_wconf 91' lang='lat' dir='ltr'>intra</span> <span class='ocrx_word' id='word_1_19' title='bbox 642 941 679 984; x_wconf 85' lang='lat' dir='ltr'>se</span> <span class='ocrx_word' id='word_1_20' title='bbox 698 921 845 1002; x_wconf 85' lang='lat' dir='ltr'>cogitat,</span> <span class='ocrx_word' id='word_1_21' title='bbox 862 920 969 984; x_wconf 90' lang='lat' dir='ltr'>etiam</span> <span class='ocrx_word' id='word_1_22' title='bbox 989 920 1123 1002; x_wconf 85' lang='lat' dir='ltr'>cogitet</span> <span class='ocrx_word' id='word_1_23' title='bbox 1143 921 1317 1002; x_wconf 92' lang='lat' dir='ltr'>quomodo</span> <span class='ocrx_word' id='word_1_24' title='bbox 1334 921 1430 985; x_wconf 91' lang='lat' dir='ltr'>locu·</span> 
     </span>
     <span class='ocr_line' id='line_1_4' title="bbox 308 1013 1431 1098; baseline -0.001 -17"><span class='ocrx_word' id='word_1_25' title='bbox 308 1027 404 1082; x_wconf 90' lang='lat' dir='ltr'>turus</span> <span class='ocrx_word' id='word_1_26' title='bbox 420 1025 456 1081; x_wconf 92' lang='lat' dir='ltr'>et</span> <span class='ocrx_word' id='word_1_27' title='bbox 473 1013 608 1079; x_wconf 71' lang='lat' dir='ltr'>acturus</span> <span class='ocrx_word' id='word_1_28' title='bbox 623 1023 688 1090; x_wconf 92' lang='lat' dir='ltr'>est,</span> <span class='ocrx_word' id='word_1_29' title='bbox 706 1025 743 1078; x_wconf 90' lang='lat' dir='ltr'>ut</span> <span class='ocrx_word' id='word_1_30' title='bbox 759 1014 906 1098; x_wconf 91' lang='lat' dir='ltr'>placeat,</span> <span class='ocrx_word' id='word_1_31' title='bbox 923 1023 960 1078; x_wconf 90' lang='lat' dir='ltr'>et</span> <span class='ocrx_word' id='word_1_32' title='bbox 977 1023 1096 1098; x_wconf 89' lang='lat' dir='ltr'>captet</span> <span class='ocrx_word' id='word_1_33' title='bbox 1113 1015 1310 1090; x_wconf 87' lang='lat' dir='ltr'>amicitiam,</span> <span class='ocrx_word' id='word_1_34' title='bbox 1324 1016 1431 1080; x_wconf 90' lang='lat' dir='ltr'>bene-</span> 
     </span>
     <span class='ocr_line' id='line_1_5' title="bbox 306 1105 1432 1192; baseline 0 -17"><span class='ocrx_word' id='word_1_35' title='bbox 306 1111 498 1176; x_wconf 85' lang='lat' dir='ltr'>volentiam</span> <span class='ocrx_word' id='word_1_36' title='bbox 518 1105 557 1174; x_wconf 82' lang='lat' dir='ltr'>ac</span> <span class='ocrx_word' id='word_1_37' title='bbox 583 1111 747 1192; x_wconf 82' lang='lat' dir='ltr'>gratiam,</span> <span class='ocrx_word' id='word_1_38' title='bbox 768 1120 804 1173; x_wconf 89' lang='lat' dir='ltr'>et</span> <span class='ocrx_word' id='word_1_39' title='bbox 827 1109 893 1173; x_wconf 92' lang='lat' dir='ltr'>hoc</span> <span class='ocrx_word' id='word_1_40' title='bbox 919 1109 1030 1173; x_wconf 90' lang='lat' dir='ltr'>modis</span> <span class='ocrx_word' id='word_1_41' title='bbox 1049 1111 1238 1185; x_wconf 88' lang='lat' dir='ltr'>extraneis,</span> <span class='ocrx_word' id='word_1_42' title='bbox 1258 1111 1307 1174; x_wconf 91' lang='lat' dir='ltr'>ita</span> <span class='ocrx_word' id='word_1_43' title='bbox 1330 1109 1432 1176; x_wconf 90' lang='lat' dir='ltr'>aliter</span> 
     </span>
     <span class='ocr_line' id='line_1_6' title="bbox 308 1203 1431 1290; baseline -0.001 -20"><span class='ocrx_word' id='word_1_44' title='bbox 308 1225 410 1290; x_wconf 87' lang='lat' dir='ltr'>quam</span> <span class='ocrx_word' id='word_1_45' title='bbox 429 1204 526 1269; x_wconf 88' lang='lat' dir='ltr'>fieret</span> <span class='ocrx_word' id='word_1_46' title='bbox 549 1206 577 1268; x_wconf 91' lang='lat' dir='ltr'>si</span> <span class='ocrx_word' id='word_1_47' title='bbox 600 1225 646 1268; x_wconf 86' lang='lat' dir='ltr'>ex</span> <span class='ocrx_word' id='word_1_48' title='bbox 665 1205 800 1286; x_wconf 91' lang='lat' dir='ltr'>propria</span> <span class='ocrx_word' id='word_1_49' title='bbox 818 1204 1011 1268; x_wconf 91' lang='lat' dir='ltr'>voluntate.</span> <span class='ocrx_word' id='word_1_50' title='bbox 1058 1203 1115 1268; x_wconf 89' lang='lat' dir='ltr'>Ex</span> <span class='ocrx_word' id='word_1_51' title='bbox 1138 1204 1191 1268; x_wconf 91' lang='lat' dir='ltr'>his</span> <span class='ocrx_word' id='word_1_52' title='bbox 1209 1207 1319 1287; x_wconf 84' lang='lat' dir='ltr'>patet,</span> <span class='ocrx_word' id='word_1_53' title='bbox 1339 1207 1431 1289; x_wconf 89' lang='lat' dir='ltr'>quod</span> 
     </span>
     <span class='ocr_line' id='line_1_7' title="bbox 307 1299 1429 1382; baseline -0.001 -17"><span class='ocrx_word' id='word_1_54' title='bbox 307 1312 420 1365; x_wconf 87' lang='lat' dir='ltr'>status</span> <span class='ocrx_word' id='word_1_55' title='bbox 443 1299 653 1374; x_wconf 91' lang='lat' dir='ltr'>interiorum,</span> <span class='ocrx_word' id='word_1_56' title='bbox 674 1299 708 1364; x_wconf 89' lang='lat' dir='ltr'>in</span> <span class='ocrx_word' id='word_1_57' title='bbox 731 1319 833 1382; x_wconf 90' lang='lat' dir='ltr'>quem</span> <span class='ocrx_word' id='word_1_58' title='bbox 856 1299 1056 1364; x_wconf 89' lang='lat' dir='ltr'>immittitur</span> <span class='ocrx_word' id='word_1_59' title='bbox 1077 1299 1227 1382; x_wconf 90' lang='lat' dir='ltr'>spiritus,</span> <span class='ocrx_word' id='word_1_60' title='bbox 1248 1301 1293 1364; x_wconf 90' lang='lat' dir='ltr'>sit</span> <span class='ocrx_word' id='word_1_61' title='bbox 1317 1310 1429 1364; x_wconf 90' lang='lat' dir='ltr'>status</span> 
     </span>
     <span class='ocr_line' id='line_1_8' title="bbox 307 1395 1429 1478; baseline 0 -18"><span class='ocrx_word' id='word_1_62' title='bbox 307 1397 462 1478; x_wconf 85' lang='lat' dir='ltr'>proprius</span> <span class='ocrx_word' id='word_1_63' title='bbox 485 1395 568 1478; x_wconf 90' lang='lat' dir='ltr'>ejus,</span> <span class='ocrx_word' id='word_1_64' title='bbox 593 1395 644 1460; x_wconf 91' lang='lat' dir='ltr'>ita</span> <span class='ocrx_word' id='word_1_65' title='bbox 666 1415 801 1478; x_wconf 91' lang='lat' dir='ltr'>quoque</span> <span class='ocrx_word' id='word_1_66' title='bbox 824 1397 979 1478; x_wconf 90' lang='lat' dir='ltr'>proprius</span> <span class='ocrx_word' id='word_1_67' title='bbox 1002 1395 1161 1471; x_wconf 90' lang='lat' dir='ltr'>hominis,</span> <span class='ocrx_word' id='word_1_68' title='bbox 1182 1413 1260 1460; x_wconf 91' lang='lat' dir='ltr'>cum</span> <span class='ocrx_word' id='word_1_69' title='bbox 1283 1397 1372 1460; x_wconf 88' lang='lat' dir='ltr'>vixit</span> <span class='ocrx_word' id='word_1_70' title='bbox 1395 1398 1429 1460; x_wconf 89' lang='lat' dir='ltr'>in</span> 
     </span>
     <span class='ocr_line' id='line_1_9' title="bbox 306 1491 444 1555; baseline 0.007 -1"><span class='ocrx_word' id='word_1_71' title='bbox 306 1491 444 1555; x_wconf 89' lang='lat' dir='ltr'>mundo.</span> 
     </span>
    </p>

    <p class='ocr_par' dir='ltr' id='par_1_3' title="bbox 302 1583 1428 2618">
     <span class='ocr_line' id='line_1_10' title="bbox 368 1583 1427 1670; baseline 0 -20"><span class='ocrx_word' id='word_1_72' title='bbox 368 1599 473 1670; x_wconf 73' lang='lat'>5⁰5.</span> <span class='ocrx_word' id='word_1_73' title='bbox 496 1583 580 1650; x_wconf 90' lang='lat' dir='ltr'>Cum</span> <span class='ocrx_word' id='word_1_74' title='bbox 594 1585 732 1667; x_wconf 89' lang='lat' dir='ltr'>spiritus</span> <span class='ocrx_word' id='word_1_75' title='bbox 748 1585 782 1649; x_wconf 91' lang='lat' dir='ltr'>in</span> <span class='ocrx_word' id='word_1_76' title='bbox 798 1595 893 1648; x_wconf 89' lang='lat' dir='ltr'>statu</span> <span class='ocrx_word' id='word_1_77' title='bbox 906 1584 1102 1650; x_wconf 89' lang='lat' dir='ltr'>interiorum</span> <span class='ocrx_word' id='word_1_78' title='bbox 1116 1605 1253 1650; x_wconf 90' lang='lat' dir='ltr'>suorum</span> <span class='ocrx_word' id='word_1_79' title='bbox 1266 1596 1332 1660; x_wconf 89' lang='lat' dir='ltr'>est,</span> <span class='ocrx_word' id='word_1_80' title='bbox 1346 1595 1427 1650; x_wconf 91' lang='grc' dir='ltr'>ωηο</span> 
     </span>
     <span class='ocr_line' id='line_1_11' title="bbox 304 1679 1427 1763; baseline 0.001 -19"><span class='ocrx_word' id='word_1_81' title='bbox 304 1689 401 1763; x_wconf 87' lang='lat' dir='ltr'>patet</span> <span class='ocrx_word' id='word_1_82' title='bbox 417 1679 599 1744; x_wconf 78' lang='lat' dir='ltr'>manifeste</span> <span class='ocrx_word' id='word_1_83' title='bbox 615 1680 724 1763; x_wconf 90' lang='lat' dir='ltr'>qualis</span> <span class='ocrx_word' id='word_1_84' title='bbox 740 1680 845 1744; x_wconf 93' lang='lat' dir='ltr'>homo</span> <span class='ocrx_word' id='word_1_85' title='bbox 860 1681 894 1743; x_wconf 94' lang='lat' dir='ltr'>in</span> <span class='ocrx_word' id='word_1_86' title='bbox 911 1701 948 1744; x_wconf 91' lang='lat' dir='ltr'>se</span> <span class='ocrx_word' id='word_1_87' title='bbox 965 1680 1025 1744; x_wconf 85' lang='lat' dir='ltr'>luit</span> <span class='ocrx_word' id='word_1_88' title='bbox 1042 1682 1075 1743; x_wconf 94' lang='lat' dir='ltr'>in</span> <span class='ocrx_word' id='word_1_89' title='bbox 1093 1682 1232 1757; x_wconf 89' lang='lat' dir='ltr'>mundo,</span> <span class='ocrx_word' id='word_1_90' title='bbox 1247 1683 1320 1763; x_wconf 89' lang='lat' dir='ltr'>agit</span> <span class='ocrx_word' id='word_1_91' title='bbox 1337 1683 1427 1745; x_wconf 90' lang='lat' dir='ltr'>enim</span> 
     </span>
     <span class='ocr_line' id='line_1_12' title="bbox 305 1775 1425 1858; baseline 0.001 -19"><span class='ocrx_word' id='word_1_92' title='bbox 305 1785 385 1839; x_wconf 89' lang='lat' dir='ltr'>tunc</span> <span class='ocrx_word' id='word_1_93' title='bbox 406 1795 451 1838; x_wconf 85' lang='lat' dir='ltr'>ex</span> <span class='ocrx_word' id='word_1_94' title='bbox 468 1775 606 1857; x_wconf 88' lang='lat' dir='ltr'>proprio</span> <span class='ocrx_word' id='word_1_95' title='bbox 625 1795 706 1853; x_wconf 89' lang='lat' dir='ltr'>su0;</span> <span class='ocrx_word' id='word_1_96' title='bbox 738 1776 793 1858; x_wconf 91' lang='lat' dir='ltr'>qui</span> <span class='ocrx_word' id='word_1_97' title='bbox 812 1775 956 1839; x_wconf 88' lang='lat' dir='ltr'>interius</span> <span class='ocrx_word' id='word_1_98' title='bbox 979 1775 1013 1838; x_wconf 91' lang='lat' dir='ltr'>in</span> <span class='ocrx_word' id='word_1_99' title='bbox 1032 1775 1123 1840; x_wconf 91' lang='lat' dir='ltr'>bono</span> <span class='ocrx_word' id='word_1_100' title='bbox 1143 1775 1204 1840; x_wconf 86' lang='lat' dir='ltr'>luit</span> <span class='ocrx_word' id='word_1_101' title='bbox 1227 1777 1261 1838; x_wconf 92' lang='lat' dir='ltr'>in</span> <span class='ocrx_word' id='word_1_102' title='bbox 1286 1776 1425 1850; x_wconf 89' lang='lat' dir='ltr'>mundo,</span> 
     </span>
     <span class='ocr_line' id='line_1_13' title="bbox 304 1869 1428 1954; baseline 0.001 -21"><span class='ocrx_word' id='word_1_103' title='bbox 304 1871 331 1933; x_wconf 89' lang='lat' dir='ltr'>is</span> <span class='ocrx_word' id='word_1_104' title='bbox 348 1879 431 1934; x_wconf 90' lang='lat' dir='ltr'>tunc</span> <span class='ocrx_word' id='word_1_105' title='bbox 445 1869 661 1934; x_wconf 86' lang='lat' dir='ltr'>rationaliter</span> <span class='ocrx_word' id='word_1_106' title='bbox 677 1879 713 1934; x_wconf 90' lang='lat' dir='ltr'>et</span> <span class='ocrx_word' id='word_1_107' title='bbox 730 1871 905 1951; x_wconf 85' lang='lat' dir='ltr'>sapienter</span> <span class='ocrx_word' id='word_1_108' title='bbox 920 1871 1005 1952; x_wconf 89' lang='lat' dir='ltr'>agit,</span> <span class='ocrx_word' id='word_1_109' title='bbox 1018 1869 1124 1934; x_wconf 91' lang='lat' dir='ltr'>immo</span> <span class='ocrx_word' id='word_1_110' title='bbox 1139 1879 1221 1934; x_wconf 89' lang='lat' dir='ltr'>tunc</span> <span class='ocrx_word' id='word_1_111' title='bbox 1238 1871 1428 1954; x_wconf 89' lang='lat' dir='ltr'>sapientius</span> 
     </span>
     <span class='ocr_line' id='line_1_14' title="bbox 303 1963 1427 2048; baseline 0.003 -20"><span class='ocrx_word' id='word_1_112' title='bbox 303 1983 405 2048; x_wconf 87' lang='lat' dir='ltr'>quam</span> <span class='ocrx_word' id='word_1_113' title='bbox 424 1963 458 2028; x_wconf 89' lang='lat' dir='ltr'>in</span> <span class='ocrx_word' id='word_1_114' title='bbox 478 1964 620 2040; x_wconf 90' lang='lat' dir='ltr'>mundo,</span> <span class='ocrx_word' id='word_1_115' title='bbox 640 1967 719 2047; x_wconf 88' lang='lat' dir='ltr'>quia</span> <span class='ocrx_word' id='word_1_116' title='bbox 738 1965 871 2028; x_wconf 89' lang='lat' dir='ltr'>solutus</span> <span class='ocrx_word' id='word_1_117' title='bbox 891 1975 944 2028; x_wconf 90' lang='lat' dir='ltr'>est</span> <span class='ocrx_word' id='word_1_118' title='bbox 963 1986 984 2028; x_wconf 95' lang='lat' dir='ltr'>a</span> <span class='ocrx_word' id='word_1_119' title='bbox 1003 1985 1096 2028; x_wconf 88' lang='lat' dir='ltr'>nexu</span> <span class='ocrx_word' id='word_1_120' title='bbox 1115 1985 1191 2030; x_wconf 90' lang='lat' dir='ltr'>cum</span> <span class='ocrx_word' id='word_1_121' title='bbox 1211 1985 1366 2048; x_wconf 88' lang='lat' dir='ltr'>corpore,</span> <span class='ocrx_word' id='word_1_122' title='bbox 1391 1977 1427 2031; x_wconf 90' lang='lat' dir='ltr'>et</span> 
     </span>
     <span class='ocr_line' id='line_1_15' title="bbox 302 2059 1425 2144; baseline 0.004 -23"><span class='ocrx_word' id='word_1_123' title='bbox 302 2059 382 2122; x_wconf 91' lang='lat' dir='ltr'>inde</span> <span class='ocrx_word' id='word_1_124' title='bbox 406 2079 484 2123; x_wconf 92' lang='lat' dir='ltr'>cum</span> <span class='ocrx_word' id='word_1_125' title='bbox 508 2060 738 2135; x_wconf 85' lang='lat' dir='ltr'>terrestribus,</span> <span class='ocrx_word' id='word_1_126' title='bbox 760 2081 847 2142; x_wconf 90' lang='lat' dir='ltr'>quae</span> <span class='ocrx_word' id='word_1_127' title='bbox 870 2059 1098 2124; x_wconf 87' lang='lat' dir='ltr'>obscurarunt</span> <span class='ocrx_word' id='word_1_128' title='bbox 1122 2071 1158 2124; x_wconf 91' lang='lat' dir='ltr'>et</span> <span class='ocrx_word' id='word_1_129' title='bbox 1181 2061 1277 2144; x_wconf 90' lang='lat' dir='ltr'>quasi</span> <span class='ocrx_word' id='word_1_130' title='bbox 1301 2063 1425 2126; x_wconf 87' lang='lat' dir='ltr'>nubem</span> 
     </span>
     <span class='ocr_line' id='line_1_16' title="bbox 302 2153 1424 2236; baseline 0.004 -20"><span class='ocrx_word' id='word_1_131' title='bbox 302 2154 591 2236; x_wconf 90' lang='lat' dir='ltr'>interposuerunt.</span> <span class='ocrx_word' id='word_1_132' title='bbox 637 2153 704 2236; x_wconf 84' lang='lat' dir='ltr'>Qui</span> <span class='ocrx_word' id='word_1_133' title='bbox 720 2165 833 2218; x_wconf 90' lang='lat' dir='ltr'>autem</span> <span class='ocrx_word' id='word_1_134' title='bbox 853 2156 886 2218; x_wconf 93' lang='lat' dir='ltr'>in</span> <span class='ocrx_word' id='word_1_135' title='bbox 902 2153 995 2218; x_wconf 89' lang='lat' dir='ltr'>malo</span> <span class='ocrx_word' id='word_1_136' title='bbox 1010 2155 1072 2220; x_wconf 85' lang='lat' dir='ltr'>luit</span> <span class='ocrx_word' id='word_1_137' title='bbox 1092 2155 1125 2218; x_wconf 91' lang='lat' dir='ltr'>in</span> <span class='ocrx_word' id='word_1_138' title='bbox 1143 2156 1281 2232; x_wconf 93' lang='lat' dir='ltr'>mundo,</span> <span class='ocrx_word' id='word_1_139' title='bbox 1295 2157 1323 2219; x_wconf 91' lang='lat' dir='ltr'>is</span> <span class='ocrx_word' id='word_1_140' title='bbox 1343 2167 1424 2220; x_wconf 92' lang='lat' dir='ltr'>tunc</span> 
     </span>
     <span class='ocr_line' id='line_1_17' title="bbox 304 2248 1424 2332; baseline 0.004 -21"><span class='ocrx_word' id='word_1_141' title='bbox 304 2248 449 2330; x_wconf 88' lang='lat' dir='ltr'>insipide</span> <span class='ocrx_word' id='word_1_142' title='bbox 480 2259 516 2314; x_wconf 91' lang='lat' dir='ltr'>et</span> <span class='ocrx_word' id='word_1_143' title='bbox 546 2249 665 2314; x_wconf 89' lang='lat' dir='ltr'>insane</span> <span class='ocrx_word' id='word_1_144' title='bbox 689 2250 774 2332; x_wconf 87' lang='lat' dir='ltr'>agit,</span> <span class='ocrx_word' id='word_1_145' title='bbox 800 2251 905 2314; x_wconf 91' lang='lat' dir='ltr'>immo</span> <span class='ocrx_word' id='word_1_146' title='bbox 928 2251 1080 2315; x_wconf 91' lang='lat' dir='ltr'>insanius</span> <span class='ocrx_word' id='word_1_147' title='bbox 1102 2271 1204 2332; x_wconf 88' lang='lat' dir='ltr'>quam</span> <span class='ocrx_word' id='word_1_148' title='bbox 1226 2251 1260 2314; x_wconf 92' lang='lat' dir='ltr'>in</span> <span class='ocrx_word' id='word_1_149' title='bbox 1285 2253 1424 2325; x_wconf 92' lang='lat' dir='ltr'>mundo,</span> 
     </span>
     <span class='ocr_line' id='line_1_18' title="bbox 303 2343 1425 2426; baseline 0.005 -21"><span class='ocrx_word' id='word_1_150' title='bbox 303 2345 381 2426; x_wconf 90' lang='lat' dir='ltr'>quia</span> <span class='ocrx_word' id='word_1_151' title='bbox 400 2343 432 2406; x_wconf 91' lang='lat' dir='ltr'>in</span> <span class='ocrx_word' id='word_1_152' title='bbox 453 2343 560 2408; x_wconf 84' lang='lat' dir='ltr'>libero</span> <span class='ocrx_word' id='word_1_153' title='bbox 579 2355 644 2420; x_wconf 91' lang='lat' dir='ltr'>est,</span> <span class='ocrx_word' id='word_1_154' title='bbox 665 2357 702 2412; x_wconf 89' lang='lat' dir='ltr'>et</span> <span class='ocrx_word' id='word_1_155' title='bbox 722 2364 791 2408; x_wconf 92' lang='lat' dir='ltr'>non</span> <span class='ocrx_word' id='word_1_156' title='bbox 811 2356 1008 2410; x_wconf 86' lang='lat' dir='ltr'>coercetur:</span> <span class='ocrx_word' id='word_1_157' title='bbox 1033 2365 1108 2410; x_wconf 92' lang='lat' dir='ltr'>cum</span> <span class='ocrx_word' id='word_1_158' title='bbox 1128 2347 1219 2408; x_wconf 86' lang='lat' dir='ltr'>enim</span> <span class='ocrx_word' id='word_1_159' title='bbox 1243 2347 1276 2409; x_wconf 92' lang='lat' dir='ltr'>in</span> <span class='ocrx_word' id='word_1_160' title='bbox 1297 2349 1425 2412; x_wconf 91' lang='lat' dir='ltr'>mundo</span> 
     </span>
     <span class='ocr_line' id='line_1_19' title="bbox 303 2439 1424 2522; baseline 0.005 -22"><span class='ocrx_word' id='word_1_161' title='bbox 303 2439 405 2512; x_wconf 90' lang='lat' dir='ltr'>vixit,</span> <span class='ocrx_word' id='word_1_162' title='bbox 426 2459 528 2502; x_wconf 86' lang='lat' dir='ltr'>sanus</span> <span class='ocrx_word' id='word_1_163' title='bbox 547 2441 609 2504; x_wconf 87' lang='lat' dir='ltr'>luit</span> <span class='ocrx_word' id='word_1_164' title='bbox 632 2441 666 2503; x_wconf 91' lang='lat' dir='ltr'>in</span> <span class='ocrx_word' id='word_1_165' title='bbox 686 2441 851 2516; x_wconf 87' lang='lat' dir='ltr'>externis,</span> <span class='ocrx_word' id='word_1_166' title='bbox 872 2459 952 2504; x_wconf 90' lang='lat' dir='ltr'>nam</span> <span class='ocrx_word' id='word_1_167' title='bbox 971 2459 1032 2522; x_wconf 90' lang='lat' dir='ltr'>per</span> <span class='ocrx_word' id='word_1_168' title='bbox 1051 2439 1110 2504; x_wconf 89' lang='lat' dir='ltr'>illa</span> <span class='ocrx_word' id='word_1_169' title='bbox 1129 2439 1229 2504; x_wconf 88' lang='lat' dir='ltr'>finxit</span> <span class='ocrx_word' id='word_1_170' title='bbox 1248 2441 1424 2506; x_wconf 89' lang='lat' dir='ltr'>hominem</span> 
     </span>
     <span class='ocr_line' id='line_1_20' title="bbox 304 2533 1423 2618; baseline 0.004 -22"><span class='ocrx_word' id='word_1_171' title='bbox 304 2533 530 2612; x_wconf 67' lang='lat' dir='ltr'>rationalem</span> <span class='ocrx_word' id='word_1_172' title='bbox 557 2556 659 2618; x_wconf 90' lang='lat' dir='ltr'>quare</span> <span class='ocrx_word' id='word_1_173' title='bbox 683 2555 760 2600; x_wconf 89' lang='lat' dir='ltr'>cum</span> <span class='ocrx_word' id='word_1_174' title='bbox 780 2545 926 2600; x_wconf 88' lang='lat' dir='ltr'>externa</span> <span class='ocrx_word' id='word_1_175' title='bbox 948 2535 997 2600; x_wconf 91' lang='lat' dir='ltr'>illi</span> <span class='ocrx_word' id='word_1_176' title='bbox 1021 2535 1139 2599; x_wconf 88' lang='lat' dir='ltr'>ablata</span> <span class='ocrx_word' id='word_1_177' title='bbox 1157 2545 1247 2611; x_wconf 87' lang='lat' dir='ltr'>sunt,</span> <span class='ocrx_word' id='word_1_178' title='bbox 1268 2535 1423 2602; x_wconf 86' lang='lat' dir='ltr'>revelan-</span> 
     </span>
    </p>
   </div>
   <div class='ocr_carea' id='block_1_3' title="bbox 303 2629 1422 2716">
    <p class='ocr_par' dir='ltr' id='par_1_4' title="bbox 303 2629 1422 2716">
     <span class='ocr_line' id='line_1_21' title="bbox 303 2629 1422 2716; baseline 0.003 -24"><span class='ocrx_word' id='word_1_179' title='bbox 303 2639 358 2692; x_wconf 90' lang='lat' dir='ltr'>tur</span> <span class='ocrx_word' id='word_1_180' title='bbox 381 2629 533 2694; x_wconf 88' lang='lat' dir='ltr'>insaniae</span> <span class='ocrx_word' id='word_1_181' title='bbox 556 2630 636 2712; x_wconf 87' lang='lat' dir='ltr'>ejus.</span> <span class='ocrx_word' id='word_1_182' title='bbox 682 2629 807 2706; x_wconf 89' lang='lat' dir='ltr'>Malus,</span> <span class='ocrx_word' id='word_1_183' title='bbox 828 2633 884 2716; x_wconf 91' lang='lat' dir='ltr'>qui</span> <span class='ocrx_word' id='word_1_184' title='bbox 908 2632 941 2696; x_wconf 91' lang='lat' dir='ltr'>in</span> <span class='ocrx_word' id='word_1_185' title='bbox 965 2632 1119 2696; x_wconf 89' lang='lat' dir='ltr'>externis</span> <span class='ocrx_word' id='word_1_186' title='bbox 1142 2629 1272 2712; x_wconf 86' lang='lat' dir='ltr'>effigiat</span> <span class='ocrx_word' id='word_1_187' title='bbox 1295 2631 1422 2696; x_wconf 92' lang='lat' dir='ltr'>bonum</span> 
     </span>
    </p>
   </div>
   <div class='ocr_carea' id='block_1_4' title="bbox 301 2724 1421 2998">
    <p class='ocr_par' dir='ltr' id='par_1_5' title="bbox 301 2724 1421 2998">
     <span class='ocr_line' id='line_1_22' title="bbox 302 2724 1421 2810; baseline 0.003 -21"><span class='ocrx_word' id='word_1_188' title='bbox 302 2724 490 2800; x_wconf 91' lang='lat' dir='ltr'>hominem,</span> <span class='ocrx_word' id='word_1_189' title='bbox 508 2729 699 2808; x_wconf 89' lang='lat' dir='ltr'>comparari</span> <span class='ocrx_word' id='word_1_190' title='bbox 719 2737 834 2810; x_wconf 88' lang='lat' dir='ltr'>potest</span> <span class='ocrx_word' id='word_1_191' title='bbox 853 2728 926 2792; x_wconf 88' lang='lat' dir='ltr'>vasi</span> <span class='ocrx_word' id='word_1_192' title='bbox 942 2727 1096 2790; x_wconf 88' lang='lat' dir='ltr'>exterius</span> <span class='ocrx_word' id='word_1_193' title='bbox 1113 2728 1225 2792; x_wconf 91' lang='lat' dir='ltr'>nitido</span> <span class='ocrx_word' id='word_1_194' title='bbox 1243 2737 1279 2792; x_wconf 93' lang='lat' dir='ltr'>et</span> <span class='ocrx_word' id='word_1_195' title='bbox 1299 2727 1421 2810; x_wconf 90' lang='lat' dir='ltr'>polito,</span> 
     </span>
     <span class='ocr_line' id='line_1_23' title="bbox 301 2817 1421 2906; baseline 0.002 -22"><span class='ocrx_word' id='word_1_196' title='bbox 301 2839 340 2884; x_wconf 89' lang='lat' dir='ltr'>ac</span> <span class='ocrx_word' id='word_1_197' title='bbox 358 2817 452 2884; x_wconf 69' lang='lat' dir='ltr'>tedio</span> <span class='ocrx_word' id='word_1_198' title='bbox 468 2820 649 2896; x_wconf 90' lang='lat' dir='ltr'>velamine,</span> <span class='ocrx_word' id='word_1_199' title='bbox 664 2823 753 2886; x_wconf 92' lang='lat' dir='ltr'>intra</span> <span class='ocrx_word' id='word_1_200' title='bbox 769 2823 860 2906; x_wconf 93' lang='lat' dir='ltr'>quod</span> <span class='ocrx_word' id='word_1_201' title='bbox 876 2823 1077 2886; x_wconf 90' lang='lat' dir='ltr'>reconditae</span> <span class='ocrx_word' id='word_1_202' title='bbox 1094 2832 1173 2886; x_wconf 90' lang='lat' dir='ltr'>sunt</span> <span class='ocrx_word' id='word_1_203' title='bbox 1190 2825 1302 2886; x_wconf 89' lang='lat' dir='ltr'>omnis</span> <span class='ocrx_word' id='word_1_204' title='bbox 1315 2841 1421 2905; x_wconf 91' lang='lat' dir='ltr'>gene-</span> 
     </span>
     <span class='ocr_line' id='line_1_24' title="bbox 301 2915 1153 2998; baseline 0.002 -20"><span class='ocrx_word' id='word_1_205' title='bbox 301 2915 346 2978; x_wconf 86' lang='lat' dir='ltr'>ris</span> <span class='ocrx_word' id='word_1_206' title='bbox 364 2915 557 2998; x_wconf 87' lang='lat' dir='ltr'>spurcities,</span> <span class='ocrx_word' id='word_1_207' title='bbox 582 2927 618 2980; x_wconf 88' lang='lat' dir='ltr'>et</span> <span class='ocrx_word' id='word_1_208' title='bbox 639 2919 826 2980; x_wconf 89' lang='lat' dir='ltr'>secundum</span> <span class='ocrx_word' id='word_1_209' title='bbox 846 2917 985 2982; x_wconf 90' lang='lat' dir='ltr'>Domini</span> <span class='ocrx_word' id='word_1_210' title='bbox 1004 2917 1153 2992; x_wconf 83' lang='lat' dir='ltr'>effatum,</span> 
     </span>
    </p>
   </div>
   <div class='ocr_carea' id='block_1_5' title="bbox 296 3050 1421 4716">
    <p class='ocr_par' dir='ltr' id='par_1_6' title="bbox 353 3050 1421 3244">
     <span class='ocr_line' id='line_1_25' title="bbox 353 3050 1421 3118; baseline 0.002 -18"><span class='ocrx_word' id='word_1_211' title='bbox 353 3050 481 3101; x_wconf 84' lang='lat' dir='ltr'>“Similes</span> <span class='ocrx_word' id='word_1_212' title='bbox 502 3053 568 3100; x_wconf 82' lang='lat' dir='ltr'>estis</span> <span class='ocrx_word' id='word_1_213' title='bbox 586 3051 717 3114; x_wconf 81' lang='lat' dir='ltr'>sepulcris</span> <span class='ocrx_word' id='word_1_214' title='bbox 730 3052 870 3112; x_wconf 83' lang='lat' dir='ltr'>dealbatis,</span> <span class='ocrx_word' id='word_1_215' title='bbox 882 3067 951 3116; x_wconf 84' lang='lat' dir='ltr'>quae</span> <span class='ocrx_word' id='word_1_216' title='bbox 969 3052 1037 3102; x_wconf 85' lang='lat' dir='ltr'>ioris</span> <span class='ocrx_word' id='word_1_217' title='bbox 1054 3063 1187 3118; x_wconf 78' lang='lat' dir='ltr'>apparent</span> <span class='ocrx_word' id='word_1_218' title='bbox 1204 3054 1336 3116; x_wconf 82' lang='lat' dir='ltr'>speciosa,</span> <span class='ocrx_word' id='word_1_219' title='bbox 1349 3054 1421 3102; x_wconf 85' lang='lat' dir='ltr'>intus</span> 
     </span>
     <span class='ocr_line' id='line_1_26' title="bbox 433 3117 1421 3244; baseline 0.001 -78"><span class='ocrx_word' id='word_1_220' title='bbox 433 3131 498 3234; x_wconf 52' lang='lat' dir='ltr'>pipp</span> <span class='ocrx_word' id='word_1_221' title='bbox 511 3118 665 3244; x_wconf 59' lang='lat' dir='ltr'>p²l⁷epasunt</span> <span class='ocrx_word' id='word_1_222' title='bbox 678 3119 785 3168; x_wconf 84' lang='lat' dir='ltr'>ossibus</span> <span class='ocrx_word' id='word_1_223' title='bbox 798 3127 973 3178; x_wconf 84' lang='lat' dir='ltr'>mortuorum,</span> <span class='ocrx_word' id='word_1_224' title='bbox 983 3127 1010 3168; x_wconf 87' lang='lat' dir='ltr'>et</span> <span class='ocrx_word' id='word_1_225' title='bbox 1023 3119 1097 3168; x_wconf 86' lang='lat' dir='ltr'>omni</span> <span class='ocrx_word' id='word_1_226' title='bbox 1112 3119 1281 3169; x_wconf 86' lang='lat' dir='ltr'>immunditie</span> <span class='ocrx_word' id='word_1_227' title='bbox 1289 3117 1303 3138; x_wconf 87' lang='lat'>&#39;¹</span> <span class='ocrx_word' id='word_1_228' title='bbox 1312 3118 1421 3180; x_wconf 75' lang='lat' dir='ltr'>(Matri.</span> 
     </span>
    </p>

    <p class='ocr_par' dir='ltr' id='par_1_7' title="bbox 296 3295 1420 4716">
     <span class='ocr_line' id='line_1_27' title="bbox 364 3295 1419 3382; baseline 0.002 -22"><span class='ocrx_word' id='word_1_229' title='bbox 364 3297 471 3380; x_wconf 74' lang='lat'>506.</span> <span class='ocrx_word' id='word_1_230' title='bbox 501 3295 632 3362; x_wconf 90' lang='lat' dir='ltr'>Omnes</span> <span class='ocrx_word' id='word_1_231' title='bbox 656 3299 712 3382; x_wconf 90' lang='lat' dir='ltr'>qui</span> <span class='ocrx_word' id='word_1_232' title='bbox 736 3301 768 3363; x_wconf 92' lang='lat' dir='ltr'>in</span> <span class='ocrx_word' id='word_1_233' title='bbox 792 3299 886 3364; x_wconf 91' lang='lat' dir='ltr'>bono</span> <span class='ocrx_word' id='word_1_234' title='bbox 907 3299 1070 3364; x_wconf 87' lang='lat' dir='ltr'>vixerunt</span> <span class='ocrx_word' id='word_1_235' title='bbox 1094 3300 1127 3364; x_wconf 92' lang='lat' dir='ltr'>in</span> <span class='ocrx_word' id='word_1_236' title='bbox 1151 3299 1291 3374; x_wconf 91' lang='lat' dir='ltr'>mundo,</span> <span class='ocrx_word' id='word_1_237' title='bbox 1315 3308 1351 3363; x_wconf 93' lang='lat' dir='ltr'>et</span> <span class='ocrx_word' id='word_1_238' title='bbox 1374 3319 1419 3364; x_wconf 88' lang='lat' dir='ltr'>ex</span> 
     </span>
     <span class='ocr_line' id='line_1_28' title="bbox 300 3393 1420 3478; baseline 0.003 -22"><span class='ocrx_word' id='word_1_239' title='bbox 300 3393 514 3458; x_wconf 89' lang='lat' dir='ltr'>conscientia</span> <span class='ocrx_word' id='word_1_240' title='bbox 533 3405 690 3476; x_wconf 89' lang='lat' dir='ltr'>egerunt,</span> <span class='ocrx_word' id='word_1_241' title='bbox 707 3395 763 3478; x_wconf 91' lang='lat' dir='ltr'>qui</span> <span class='ocrx_word' id='word_1_242' title='bbox 782 3405 863 3459; x_wconf 91' lang='lat' dir='ltr'>sunt</span> <span class='ocrx_word' id='word_1_243' title='bbox 882 3395 937 3478; x_wconf 93' lang='lat' dir='ltr'>qui</span> <span class='ocrx_word' id='word_1_244' title='bbox 956 3405 1173 3478; x_wconf 84' lang='lat' dir='ltr'>agnoverunt</span> <span class='ocrx_word' id='word_1_245' title='bbox 1193 3395 1364 3471; x_wconf 90' lang='lat' dir='ltr'>Divinum,</span> <span class='ocrx_word' id='word_1_246' title='bbox 1384 3405 1420 3459; x_wconf 91' lang='lat' dir='ltr'>et</span> 
     </span>
     <span class='ocr_line' id='line_1_29' title="bbox 300 3489 1420 3574; baseline 0.002 -22"><span class='ocrx_word' id='word_1_247' title='bbox 300 3499 505 3554; x_wconf 86' lang='lat' dir='ltr'>amaverunt</span> <span class='ocrx_word' id='word_1_248' title='bbox 536 3489 661 3552; x_wconf 88' lang='lat' dir='ltr'>Divina</span> <span class='ocrx_word' id='word_1_249' title='bbox 688 3511 779 3565; x_wconf 85' lang='lat' dir='ltr'>vera,</span> <span class='ocrx_word' id='word_1_250' title='bbox 809 3491 975 3574; x_wconf 87' lang='lat' dir='ltr'>imprimis</span> <span class='ocrx_word' id='word_1_251' title='bbox 1007 3491 1063 3574; x_wconf 90' lang='lat' dir='ltr'>qui</span> <span class='ocrx_word' id='word_1_252' title='bbox 1094 3489 1332 3574; x_wconf 87' lang='lat' dir='ltr'>applicueruut</span> <span class='ocrx_word' id='word_1_253' title='bbox 1361 3489 1420 3554; x_wconf 88' lang='lat' dir='ltr'>illa</span> 
     </span>
     <span class='ocr_line' id='line_1_30' title="bbox 299 3583 1418 3666; baseline 0.003 -21"><span class='ocrx_word' id='word_1_254' title='bbox 299 3583 404 3658; x_wconf 89' lang='lat' dir='ltr'>vitae,</span> <span class='ocrx_word' id='word_1_255' title='bbox 429 3595 598 3666; x_wconf 85' lang='lat' dir='ltr'>apparent</span> <span class='ocrx_word' id='word_1_256' title='bbox 622 3585 697 3662; x_wconf 89' lang='lat' dir='ltr'>sibi,</span> <span class='ocrx_word' id='word_1_257' title='bbox 721 3605 798 3650; x_wconf 92' lang='lat' dir='ltr'>cum</span> <span class='ocrx_word' id='word_1_258' title='bbox 829 3587 863 3649; x_wconf 91' lang='lat' dir='ltr'>in</span> <span class='ocrx_word' id='word_1_259' title='bbox 894 3595 1025 3650; x_wconf 88' lang='lat' dir='ltr'>statum</span> <span class='ocrx_word' id='word_1_260' title='bbox 1056 3585 1254 3649; x_wconf 87' lang='lat' dir='ltr'>interiorum</span> <span class='ocrx_word' id='word_1_261' title='bbox 1283 3603 1418 3648; x_wconf 90' lang='lat' dir='ltr'>suorum</span> 
     </span>
     <span class='ocr_line' id='line_1_31' title="bbox 298 3678 1419 3764; baseline 0.002 -22"><span class='ocrx_word' id='word_1_262' title='bbox 298 3679 494 3755; x_wconf 88' lang='lat' dir='ltr'>mittuntur,</span> <span class='ocrx_word' id='word_1_263' title='bbox 515 3681 604 3744; x_wconf 89' lang='lat' dir='ltr'>sicut</span> <span class='ocrx_word' id='word_1_264' title='bbox 623 3682 679 3764; x_wconf 89' lang='lat' dir='ltr'>qui</span> <span class='ocrx_word' id='word_1_265' title='bbox 698 3678 931 3764; x_wconf 70' lang='lat' dir='ltr'>expergefacti</span> <span class='ocrx_word' id='word_1_266' title='bbox 955 3701 975 3744; x_wconf 91' lang='lat' dir='ltr'>a</span> <span class='ocrx_word' id='word_1_267' title='bbox 994 3701 1118 3744; x_wconf 90' lang='lat' dir='ltr'>somno</span> <span class='ocrx_word' id='word_1_268' title='bbox 1137 3681 1170 3744; x_wconf 91' lang='lat' dir='ltr'>in</span> <span class='ocrx_word' id='word_1_269' title='bbox 1190 3679 1342 3763; x_wconf 88' lang='lat' dir='ltr'>vigiliam</span> <span class='ocrx_word' id='word_1_270' title='bbox 1362 3701 1419 3744; x_wconf 91' lang='lat' dir='ltr'>ve·</span> 
     </span>
     <span class='ocr_line' id='line_1_32' title="bbox 297 3773 1419 3858; baseline 0.002 -24"><span class='ocrx_word' id='word_1_271' title='bbox 297 3774 406 3850; x_wconf 91' lang='lat' dir='ltr'>niunt,</span> <span class='ocrx_word' id='word_1_272' title='bbox 423 3783 458 3838; x_wconf 92' lang='lat' dir='ltr'>et</span> <span class='ocrx_word' id='word_1_273' title='bbox 476 3775 563 3838; x_wconf 90' lang='lat' dir='ltr'>sicut</span> <span class='ocrx_word' id='word_1_274' title='bbox 580 3777 636 3858; x_wconf 89' lang='lat' dir='ltr'>qui</span> <span class='ocrx_word' id='word_1_275' title='bbox 653 3795 697 3838; x_wconf 84' lang='lat' dir='ltr'>ex</span> <span class='ocrx_word' id='word_1_276' title='bbox 715 3777 834 3840; x_wconf 90' lang='lat' dir='ltr'>umbra</span> <span class='ocrx_word' id='word_1_277' title='bbox 849 3777 883 3840; x_wconf 93' lang='lat' dir='ltr'>in</span> <span class='ocrx_word' id='word_1_278' title='bbox 901 3776 1022 3840; x_wconf 88' lang='lat' dir='ltr'>lucem.</span> <span class='ocrx_word' id='word_1_279' title='bbox 1068 3773 1235 3858; x_wconf 87' lang='lat' dir='ltr'>Cogitant</span> <span class='ocrx_word' id='word_1_280' title='bbox 1252 3776 1357 3838; x_wconf 92' lang='lat' dir='ltr'>etiam</span> <span class='ocrx_word' id='word_1_281' title='bbox 1374 3795 1419 3840; x_wconf 87' lang='lat' dir='ltr'>ex</span> 
     </span>
     <span class='ocr_line' id='line_1_33' title="bbox 297 3867 1418 3955; baseline 0.002 -24"><span class='ocrx_word' id='word_1_282' title='bbox 297 3867 373 3932; x_wconf 89' lang='lat' dir='ltr'>luce</span> <span class='ocrx_word' id='word_1_283' title='bbox 392 3869 478 3933; x_wconf 90' lang='lat' dir='ltr'>caeli</span> <span class='ocrx_word' id='word_1_284' title='bbox 498 3871 545 3934; x_wconf 92' lang='lat' dir='ltr'>sic</span> <span class='ocrx_word' id='word_1_285' title='bbox 565 3891 610 3934; x_wconf 88' lang='lat' dir='ltr'>ex</span> <span class='ocrx_word' id='word_1_286' title='bbox 630 3872 792 3936; x_wconf 89' lang='lat' dir='ltr'>interiore</span> <span class='ocrx_word' id='word_1_287' title='bbox 811 3873 992 3955; x_wconf 87' lang='lat' dir='ltr'>sapientia,</span> <span class='ocrx_word' id='word_1_288' title='bbox 1007 3881 1042 3937; x_wconf 90' lang='lat' dir='ltr'>et</span> <span class='ocrx_word' id='word_1_289' title='bbox 1065 3893 1110 3936; x_wconf 89' lang='lat' dir='ltr'>ex</span> <span class='ocrx_word' id='word_1_290' title='bbox 1131 3872 1223 3936; x_wconf 87' lang='lat' dir='ltr'>bono</span> <span class='ocrx_word' id='word_1_291' title='bbox 1243 3879 1351 3953; x_wconf 88' lang='lat' dir='ltr'>agunt</span> <span class='ocrx_word' id='word_1_292' title='bbox 1371 3871 1418 3934; x_wconf 91' lang='lat' dir='ltr'>sic</span> 
     </span>
     <span class='ocr_line' id='line_1_34' title="bbox 297 3963 1418 4032; baseline 0.004 -7"><span class='ocrx_word' id='word_1_293' title='bbox 297 3983 342 4026; x_wconf 87' lang='lat' dir='ltr'>ex</span> <span class='ocrx_word' id='word_1_294' title='bbox 376 3963 537 4030; x_wconf 88' lang='lat' dir='ltr'>interiore</span> <span class='ocrx_word' id='word_1_295' title='bbox 568 3965 767 4032; x_wconf 73' lang='lat' dir='ltr'>affedtione:</span> <span class='ocrx_word' id='word_1_296' title='bbox 802 3969 910 4032; x_wconf 86' lang='lat' dir='ltr'>influit</span> <span class='ocrx_word' id='word_1_297' title='bbox 937 3969 1043 4032; x_wconf 91' lang='lat' dir='ltr'>etiam</span> <span class='ocrx_word' id='word_1_298' title='bbox 1073 3969 1208 4032; x_wconf 86' lang='lat' dir='ltr'>caelum</span> <span class='ocrx_word' id='word_1_299' title='bbox 1238 3968 1272 4030; x_wconf 91' lang='lat' dir='ltr'>in</span> <span class='ocrx_word' id='word_1_300' title='bbox 1302 3983 1418 4030; x_wconf 90' lang='lat' dir='ltr'>eorum</span> 
     </span>
     <span class='ocr_line' id='line_1_35' title="bbox 297 4059 1416 4145; baseline 0.004 -24"><span class='ocrx_word' id='word_1_301' title='bbox 297 4059 532 4141; x_wconf 88' lang='lat' dir='ltr'>cogitationes</span> <span class='ocrx_word' id='word_1_302' title='bbox 547 4073 583 4126; x_wconf 93' lang='lat' dir='ltr'>et</span> <span class='ocrx_word' id='word_1_303' title='bbox 602 4061 800 4127; x_wconf 72' lang='lat' dir='ltr'>affediiones</span> <span class='ocrx_word' id='word_1_304' title='bbox 815 4081 891 4127; x_wconf 91' lang='lat' dir='ltr'>cum</span> <span class='ocrx_word' id='word_1_305' title='bbox 908 4063 1012 4128; x_wconf 91' lang='lat' dir='ltr'>beato</span> <span class='ocrx_word' id='word_1_306' title='bbox 1028 4073 1064 4128; x_wconf 89' lang='lat' dir='ltr'>et</span> <span class='ocrx_word' id='word_1_307' title='bbox 1077 4062 1228 4145; x_wconf 84' lang='lat' dir='ltr'>jucundo</span> <span class='ocrx_word' id='word_1_308' title='bbox 1244 4062 1416 4135; x_wconf 87' lang='lat' dir='ltr'>interiore,</span> 
     </span>
     <span class='ocr_line' id='line_1_36' title="bbox 297 4155 1418 4240; baseline 0.004 -23"><span class='ocrx_word' id='word_1_309' title='bbox 297 4155 341 4218; x_wconf 91' lang='lat' dir='ltr'>de</span> <span class='ocrx_word' id='word_1_310' title='bbox 371 4175 438 4238; x_wconf 90' lang='lat' dir='ltr'>quo</span> <span class='ocrx_word' id='word_1_311' title='bbox 466 4159 556 4240; x_wconf 91' lang='lat' dir='ltr'>prius</span> <span class='ocrx_word' id='word_1_312' title='bbox 580 4177 649 4222; x_wconf 93' lang='lat' dir='ltr'>non</span> <span class='ocrx_word' id='word_1_313' title='bbox 674 4169 864 4237; x_wconf 74' lang='lat' dir='ltr'>noverunt,</span> <span class='ocrx_word' id='word_1_314' title='bbox 896 4179 975 4222; x_wconf 89' lang='lat' dir='ltr'>nam</span> <span class='ocrx_word' id='word_1_315' title='bbox 999 4159 1048 4223; x_wconf 94' lang='lat' dir='ltr'>illi</span> <span class='ocrx_word' id='word_1_316' title='bbox 1071 4157 1418 4224; x_wconf 89' lang='lat' dir='ltr'>communicationem</span> 
     </span>
     <span class='ocr_line' id='line_1_37' title="bbox 296 4250 1417 4338; baseline 0.001 -24"><span class='ocrx_word' id='word_1_317' title='bbox 296 4250 428 4316; x_wconf 88' lang='lat' dir='ltr'>habent</span> <span class='ocrx_word' id='word_1_318' title='bbox 451 4272 529 4317; x_wconf 91' lang='lat' dir='ltr'>eum</span> <span class='ocrx_word' id='word_1_319' title='bbox 552 4254 686 4335; x_wconf 91' lang='lat' dir='ltr'>angelis</span> <span class='ocrx_word' id='word_1_320' title='bbox 705 4254 815 4334; x_wconf 88' lang='lat' dir='ltr'>caeli;</span> <span class='ocrx_word' id='word_1_321' title='bbox 846 4265 929 4318; x_wconf 91' lang='lat' dir='ltr'>tunc</span> <span class='ocrx_word' id='word_1_322' title='bbox 953 4256 1059 4318; x_wconf 87' lang='lat' dir='ltr'>etiam</span> <span class='ocrx_word' id='word_1_323' title='bbox 1078 4265 1273 4338; x_wconf 85' lang='lat' dir='ltr'>agnoscunt</span> <span class='ocrx_word' id='word_1_324' title='bbox 1298 4251 1417 4316; x_wconf 92' lang='lat' dir='ltr'>Domi·</span> 
     </span>
     <span class='ocr_line' id='line_1_38' title="bbox 299 4349 1418 4434; baseline 0 -22"><span class='ocrx_word' id='word_1_325' title='bbox 299 4367 389 4424; x_wconf 88' lang='lat' dir='ltr'>num,</span> <span class='ocrx_word' id='word_1_326' title='bbox 410 4358 446 4412; x_wconf 89' lang='lat' dir='ltr'>et</span> <span class='ocrx_word' id='word_1_327' title='bbox 470 4349 588 4413; x_wconf 87' lang='lat' dir='ltr'>colunt</span> <span class='ocrx_word' id='word_1_328' title='bbox 609 4350 725 4433; x_wconf 91' lang='lat' dir='ltr'>Ipsum</span> <span class='ocrx_word' id='word_1_329' title='bbox 747 4371 792 4414; x_wconf 85' lang='lat' dir='ltr'>ex</span> <span class='ocrx_word' id='word_1_330' title='bbox 816 4352 890 4434; x_wconf 87' lang='lat' dir='ltr'>ipsa</span> <span class='ocrx_word' id='word_1_331' title='bbox 912 4353 985 4416; x_wconf 90' lang='lat' dir='ltr'>vita</span> <span class='ocrx_word' id='word_1_332' title='bbox 1007 4373 1078 4428; x_wconf 89' lang='lat' dir='ltr'>sua,</span> <span class='ocrx_word' id='word_1_333' title='bbox 1103 4369 1182 4416; x_wconf 92' lang='lat' dir='ltr'>nam</span> <span class='ocrx_word' id='word_1_334' title='bbox 1205 4351 1239 4415; x_wconf 92' lang='lat' dir='ltr'>in</span> <span class='ocrx_word' id='word_1_335' title='bbox 1262 4350 1335 4414; x_wconf 89' lang='lat' dir='ltr'>vita</span> <span class='ocrx_word' id='word_1_336' title='bbox 1357 4369 1418 4412; x_wconf 90' lang='lat' dir='ltr'>sua</span> 
     </span>
     <span class='ocr_line' id='line_1_39' title="bbox 297 4445 1416 4528; baseline 0.002 -22"><span class='ocrx_word' id='word_1_337' title='bbox 297 4445 433 4526; x_wconf 88' lang='lat' dir='ltr'>propria</span> <span class='ocrx_word' id='word_1_338' title='bbox 451 4455 543 4522; x_wconf 88' lang='lat' dir='ltr'>sunt,</span> <span class='ocrx_word' id='word_1_339' title='bbox 564 4447 702 4528; x_wconf 92' lang='lat' dir='ltr'>quando</span> <span class='ocrx_word' id='word_1_340' title='bbox 721 4447 754 4508; x_wconf 91' lang='lat' dir='ltr'>in</span> <span class='ocrx_word' id='word_1_341' title='bbox 774 4457 869 4510; x_wconf 87' lang='lat' dir='ltr'>statu</span> <span class='ocrx_word' id='word_1_342' title='bbox 887 4449 1086 4512; x_wconf 91' lang='lat' dir='ltr'>interiorum</span> <span class='ocrx_word' id='word_1_343' title='bbox 1110 4465 1258 4521; x_wconf 87' lang='lat' dir='ltr'>suorum,</span> <span class='ocrx_word' id='word_1_344' title='bbox 1279 4455 1316 4510; x_wconf 89' lang='lat' dir='ltr'>ut</span> <span class='ocrx_word' id='word_1_345' title='bbox 1334 4465 1416 4510; x_wconf 88' lang='lat' dir='ltr'>mox</span> 
     </span>
     <span class='ocr_line' id='line_1_40' title="bbox 297 4537 1417 4625; baseline 0.003 -25"><span class='ocrx_word' id='word_1_346' title='bbox 297 4559 398 4621; x_wconf 89' lang='lat' dir='ltr'>supra</span> <span class='ocrx_word' id='word_1_347' title='bbox 419 4539 467 4622; x_wconf 91' lang='grc' dir='ltr'>(η.</span> <span class='ocrx_word' id='word_1_348' title='bbox 487 4540 561 4622; x_wconf 80' lang='lat'><strong>505)</strong></span> <span class='ocrx_word' id='word_1_349' title='bbox 582 4537 710 4606; x_wconf 73' lang='lat' dir='ltr'>didium</span> <span class='ocrx_word' id='word_1_350' title='bbox 730 4553 803 4617; x_wconf 91' lang='lat' dir='ltr'>est;</span> <span class='ocrx_word' id='word_1_351' title='bbox 828 4551 863 4605; x_wconf 90' lang='lat' dir='ltr'>et</span> <span class='ocrx_word' id='word_1_352' title='bbox 882 4563 1016 4625; x_wconf 89' lang='lat' dir='ltr'>quoque</span> <span class='ocrx_word' id='word_1_353' title='bbox 1032 4553 1226 4625; x_wconf 87' lang='lat' dir='ltr'>agnoscunt</span> <span class='ocrx_word' id='word_1_354' title='bbox 1243 4553 1278 4606; x_wconf 90' lang='lat' dir='ltr'>et</span> <span class='ocrx_word' id='word_1_355' title='bbox 1298 4540 1417 4606; x_wconf 87' lang='lat' dir='ltr'>colunt</span> 
     </span>
     <span class='ocr_line' id='line_1_41' title="bbox 297 4633 1415 4716; baseline 0.003 -21"><span class='ocrx_word' id='word_1_356' title='bbox 297 4633 412 4706; x_wconf 86' lang='lat' dir='ltr'>Ipsum</span> <span class='ocrx_word' id='word_1_357' title='bbox 443 4655 488 4698; x_wconf 86' lang='lat' dir='ltr'>ex</span> <span class='ocrx_word' id='word_1_358' title='bbox 520 4635 636 4704; x_wconf 86' lang='lat' dir='ltr'>libero.</span> <span class='ocrx_word' id='word_1_359' title='bbox 662 4655 740 4700; x_wconf 87' lang='lat' dir='ltr'>nam</span> <span class='ocrx_word' id='word_1_360' title='bbox 771 4637 911 4701; x_wconf 87' lang='lat' dir='ltr'>liberum</span> <span class='ocrx_word' id='word_1_361' title='bbox 940 4653 993 4702; x_wconf 89' lang='lat' dir='ltr'>est</span> <span class='ocrx_word' id='word_1_362' title='bbox 1021 4640 1191 4716; x_wconf 68' lang='lat' dir='ltr'>interioris</span> <span class='ocrx_word' id='word_1_363' title='bbox 1217 4635 1415 4702; x_wconf 73' lang='lat' dir='ltr'>allectionis.</span> 
     </span>
    </p>
   </div>
   <div class='ocr_carea' id='block_1_6' title="bbox 0 0 1680 5366">
    <p class='ocr_par' dir='ltr' id='par_1_8' title="bbox 0 0 1680 5366">
     <span class='ocr_line' id='line_1_42' title="bbox 0 0 1680 5366; baseline 0 5"><span class='ocrx_word' id='word_1_364' title='bbox 0 0 1680 5366; x_wconf 95' lang='lat' dir='ltr'> </span> 
     </span>
    </p>
   </div>
  </div>
 </body>
</html>
