3408 5358
276 624 339 690 ²54
597 608 647 658 us
670 605 796 658 cauno
820 607 867 658 ur
891 603 1073 658 uursmm.

336 803 437 874 4⁰7.
467 788 615 872 Quidam
638 790 694 874 qui
722 789 757 856 in
785 789 859 856 vita
887 788 1040 871 corporis
1064 797 1190 871 potens
1219 785 1281 850 fuit
1310 779 1390 869 prae

273 888 359 964 aliis,
380 889 413 951 in
436 889 548 952 altera
569 889 643 952 vita
665 887 805 952 retinuit
828 887 919 972 quod
942 887 1046 952 etiam
1070 885 1236 968 imperare
1259 882 1389 948 vellet:

273 987 326 1051 cui
345 983 559 1062 dictumest,
579 986 671 1070 quod
693 986 727 1050 in
746 985 814 1049 alio
832 1005 941 1067 regno
959 985 1015 1060 sit,
1035 983 1126 1066 quod
1146 992 1335 1056 aeternum,
1355 993 1391 1044 et

273 1084 364 1167 quod
387 1084 553 1164 imperare
576 1082 646 1164 ejus
676 1084 710 1146 in
736 1092 828 1148 terra
850 1092 1025 1148 mortuum
1047 1083 1105 1157 sit,
1128 1089 1165 1144 et
1187 1080 1279 1164 quod
1302 1099 1392 1144 nunc

272 1200 343 1246 non
355 1182 556 1246 aestimetur
567 1183 744 1264 quisquam
756 1199 859 1263 quam
871 1180 1059 1245 secundum
1072 1179 1199 1242 bonum
1211 1188 1247 1242 et
1262 1196 1391 1254 verum,

272 1288 309 1344 et
342 1278 528 1342 secundum
552 1277 818 1342 misericordiam
846 1277 995 1352 Domini,
1019 1276 1053 1340 in
1084 1295 1151 1358 qua
1180 1296 1226 1339 ex
1255 1275 1328 1340 uita
1357 1275 1391 1339 in

273 1377 401 1440 mundo
412 1377 477 1454 sit;
501 1385 575 1440 tum
588 1375 680 1459 quod
696 1375 762 1440 hoc
775 1393 919 1457 regnum
935 1395 973 1438 se
988 1373 1116 1438 habeat
1132 1373 1221 1437 sicut
1237 1373 1271 1436 in
1288 1381 1390 1448 terra,

273 1473 329 1536 ubi
358 1475 586 1540 aestimantur
615 1484 756 1556 propter
784 1492 879 1555 opes,
898 1482 935 1536 et
964 1479 1104 1554 propter
1125 1471 1271 1552 gratiam
1301 1471 1391 1552 apud

273 1571 479 1652 principem3
503 1591 586 1654 opes
602 1569 656 1634 hic
676 1581 756 1634 sunt
776 1571 903 1636 bonum
919 1578 955 1634 et
974 1588 1103 1643 verum,
1118 1578 1153 1631 et
1172 1569 1286 1650 gratia
1301 1568 1391 1650 apud

273 1664 463 1747 Principem
490 1678 544 1730 est
571 1665 803 1730 misericordia
831 1667 865 1730 in
895 1685 962 1748 qua
990 1673 1044 1728 est
1069 1663 1176 1727 homo
1204 1663 1392 1727 secundum

272 1763 379 1828 vitam
398 1781 493 1826 suam
512 1763 546 1826 in
566 1763 694 1826 mundo
712 1763 803 1844 apud
822 1763 1029 1840 Dominum;
1053 1761 1081 1824 si
1098 1760 1201 1825 aliter
1218 1760 1304 1824 velit
1327 1762 1391 1824 im·

272 1879 401 1942 peram,
421 1860 559 1924 rebellis
578 1869 644 1936 est,
665 1879 744 1924 nam
767 1861 801 1924 in
824 1859 925 1924 Alius
943 1877 1054 1942 regno
1071 1868 1135 1922 est.
1182 1857 1247 1922 His
1265 1857 1390 1922 auditis

272 1955 470 2038 pudesattus
489 1967 553 2022 est.

334 2055 439 2138 4⁰8·
469 2054 623 2119 Locutus
642 2071 716 2118 sum
739 2071 816 2119 cum
836 2054 1021 2138 spiritibus,
1041 2055 1098 2137 qui
1121 2053 1291 2136 putabant
1310 2071 1390 2117 cae·

272 2151 341 2214 lum
360 2161 396 2214 et
415 2153 576 2233 gaudium
595 2151 748 2216 caeleste
770 2154 805 2215 in
823 2173 866 2216 eo
888 2154 1087 2227 consistere,
1108 2161 1144 2214 ut
1163 2151 1280 2232 magni
1298 2151 1389 2214 sint:

272 2249 333 2312 sed
356 2245 483 2312 dietum
507 2259 562 2314 est
584 2251 635 2326 iis,
655 2249 746 2334 quod
770 2250 926 2314 incaelo
949 2251 1121 2313 maximus
1144 2250 1188 2312 sit
1211 2250 1268 2332 qui
1291 2249 1390 2312 mini·

273 2365 366 2424 mus;
398 2365 477 2410 nam
501 2348 658 2410 minimus
681 2348 816 2423 dicitur,
836 2349 893 2430 qui
917 2347 999 2411 nihil
1028 2357 1147 2430 potest
1169 2357 1204 2410 et
1227 2347 1328 2428 sapit,
1348 2365 1389 2410 ac

271 2442 345 2507 vult
369 2443 452 2507 nihil
477 2464 577 2526 posse
600 2453 636 2508 et
659 2464 789 2526 sapere,
813 2465 859 2508 ex
883 2465 931 2521 se,
952 2445 1013 2508 sed
1036 2465 1082 2508 ex
1105 2443 1277 2522 Domino;
1310 2443 1391 2507 talis

272 2541 430 2604 minimus
453 2537 640 2604 maximam
659 2541 862 2606 felicitatem
880 2543 1008 2621 habet;
1041 2551 1078 2606 et
1100 2543 1179 2624 quia
1201 2542 1389 2604 maximam

271 2637 473 2702 felicitatem
496 2637 612 2714 habet,
638 2641 789 2722 sequitur
811 2640 891 2703 inde
914 2639 1005 2722 quod
1035 2640 1081 2704 sit
1104 2639 1285 2714 maximus,
1310 2657 1389 2702 nam

271 2736 319 2798 sic
349 2755 370 2798 a
393 2735 543 2800 Domino
565 2737 680 2800 omnia
703 2747 821 2819 potest
845 2747 880 2802 et
911 2758 992 2820 prae
1015 2737 1173 2800 omnibus
1196 2737 1296 2818 sapit.
1342 2735 1390 2799 Et

271 2832 350 2914 quid
367 2843 421 2896 est
434 2834 605 2896 maximus
615 2853 691 2897 esse
707 2835 770 2898 nisi
783 2853 884 2917 quam
896 2834 1135 2898 felicissimus?
1158 2833 1389 2897 felicissimum

271 2929 362 2991 enim
378 2949 453 2993 esse
470 2940 636 3012 quaerunt
652 2939 814 3013 potentes
833 2952 894 3014 per
909 2933 1114 3014 potentiam,
1132 2939 1167 2994 et
1185 2923 1310 2994 divites
1330 2950 1390 3012 per

272 3025 419 3088 divitias.
465 3025 569 3088 Porro
588 3023 715 3088 dietum
735 3037 800 3103 est,
818 3029 909 3110 quod
929 3047 998 3091 non
1014 3028 1183 3092 consistat
1203 3026 1336 3090 caelum
1355 3027 1388 3088 in

272 3141 325 3196 eo,
344 3131 382 3186 ut
401 3121 575 3186 desideret
595 3123 770 3187 minimum
789 3145 865 3188 esse
884 3125 929 3188 ob
947 3123 1050 3188 finem
1074 3135 1111 3188 ut
1135 3125 1181 3187 sit
1205 3125 1387 3198 maximus,

272 3229 354 3282 tunc
374 3219 464 3282 enim
484 3221 591 3302 spirat
615 3231 651 3284 et
674 3221 767 3303 cupit
787 3241 863 3285 esse
883 3223 1090 3298 maximum,
1115 3221 1175 3285 sed
1195 3231 1261 3298 est,
1282 3229 1319 3285 ut
1343 3241 1388 3284 ex

272 3314 375 3379 corde
398 3315 474 3379 aliis
497 3317 617 3380 melius
640 3317 724 3381 velit
748 3338 849 3401 quam
872 3319 946 3393 sibi,
966 3327 1001 3382 et
1024 3319 1150 3382 servire
1173 3317 1248 3382 aliis
1271 3336 1387 3382 eorum

271 3411 445 3476 felicitatis
463 3415 586 3494 gratia,
607 3435 652 3479 ex
672 3415 766 3479 nullo
786 3415 851 3480 fine
871 3425 1012 3500 propter
1030 3437 1067 3480 se
1084 3425 1122 3480 ut
1141 3425 1387 3490 remuneretur,

272 3509 332 3572 sed
350 3529 395 3572 ex
415 3528 542 3574 amore.

334 3619 442 3690 409.
472 3607 588 3690 Ipsum
603 3609 765 3692 gaudium
778 3609 941 3688 caeleste,
955 3610 1055 3694 quale
1072 3619 1127 3675 est
1143 3611 1177 3674 in
1193 3631 1254 3674 sua
1270 3629 1387 3675 essen·

272 3701 331 3776 tia,
351 3721 420 3766 non
439 3703 585 3769 describi
604 3715 733 3788 potest,
754 3709 833 3790 quia
851 3717 905 3772 est
929 3707 962 3771 in
986 3709 1114 3771 intimis
1134 3709 1226 3771 vitae
1245 3707 1388 3792 angelo·

271 3818 356 3874 rum,
376 3809 412 3864 et
435 3801 513 3864 inde
532 3801 566 3865 in
586 3803 728 3886 singulis
747 3805 970 3887 cogitationis
993 3815 1029 3869 et
1052 3801 1240 3870 affefiionis
1259 3823 1387 3880 eorum,

271 3904 308 3960 et
327 3917 372 3960 ex
391 3896 444 3960 his
463 3899 497 3961 in
516 3899 660 3982 singulis
676 3899 834 3986 loquelae
853 3913 889 3966 et
908 3903 941 3966 in
961 3903 1105 3986 singulis
1122 3900 1277 3967 aetionis.
1322 3901 1388 3966 Est

271 3993 360 4057 sicut
378 3995 541 4060 interiora
559 4008 676 4062 essent
695 3997 805 4080 plane,
822 4010 943 4082 aperta
965 4009 1001 4066 et
1024 4001 1176 4065 resoluta
1198 4001 1242 4065 ad
1265 4002 1388 4084 recipi-

272 4091 398 4155 endum
413 4091 599 4174 jucundum
618 4105 653 4160 et
673 4096 823 4172 beatum,
841 4096 933 4180 quod
952 4099 1161 4182 dispergitur
1179 4099 1213 4161 in
1233 4097 1386 4180 singulas
1473 4109 1476 4118 ·

271 4185 384 4264 fibras,
404 4201 440 4255 et
463 4193 510 4255 sic
535 4213 595 4274 per
613 4202 744 4272 totum;
776 4197 865 4259 unde
885 4197 1062 4278 perceptio
1084 4206 1121 4260 et
1144 4196 1298 4260 sensatio
1317 4195 1387 4278 ejus

272 4294 325 4349 est
345 4287 425 4351 talis
444 4299 481 4352 ut
501 4309 569 4352 non
588 4290 735 4354 describi
753 4295 885 4374 possit;
909 4293 999 4377 quod
1017 4295 1107 4358 enim
1126 4295 1169 4358 ab
1188 4294 1318 4358 intimis
1336 4293 1387 4356 in-

272 4379 387 4460 choat,
405 4383 470 4450 hoc
487 4387 595 4452 influit
611 4389 645 4450 in
661 4389 796 4472 singula
813 4411 900 4474 quae
918 4412 963 4456 ex
981 4393 1107 4456 intimis
1123 4391 1280 4456 derivata
1295 4400 1387 4466 sunt,

272 4491 307 4542 et
330 4500 367 4544 se
390 4495 584 4566 propagant
602 4505 736 4569 semper
759 4507 837 4552 cum
860 4501 1049 4572 augmento
1068 4510 1185 4553 versus
1204 4490 1388 4554 exteriora.

272 4573 417 4658 Spiritus
435 4581 516 4644 boni
539 4583 595 4664 qui
614 4583 767 4648 nondum
790 4585 823 4648 in
847 4585 907 4649 illo
922 4584 1073 4666 jucundo
1091 4597 1182 4664 sunt,
1203 4588 1281 4670 quia
1301 4605 1387 4650 non-
