3382 5358
418 631 469 682 DE
493 630 672 697 LOQUELA
696 633 937 688 ANGELORUM
954 635 1039 692 ,cult
1064 636 1230 687 HOMINE.
1323 637 1379 704 145

323 818 419 890 ²55.
449 803 500 869 Ut
520 805 648 870 sciatur
666 805 776 888 qualis
796 804 991 888 conjunctio
1008 807 1209 890 angelorum
1229 819 1265 873 et
1282 809 1379 891 spiri·

258 907 352 964 tuum
369 910 422 964 est
436 919 512 966 cum
527 900 675 976 homine,
695 901 775 966 licet
793 903 915 966 referre
932 903 1045 985 aliqua
1058 915 1250 970 memoratu
1262 906 1378 986 digna.

257 995 441 1078 exquibus
460 997 492 1060 id
512 995 674 1060 illustrari
692 1006 728 1062 et
746 997 905 1062 concludi
926 1009 1054 1080 potest.
1101 997 1249 1088 Quando
1265 999 1380 1082 angeli

259 1101 294 1154 et
318 1092 455 1176 spiritus
483 1111 518 1155 se
543 1103 751 1159 convertunt
777 1093 820 1156 ad
850 1092 1036 1170 hominem,
1055 1103 1136 1158 tunc
1168 1115 1235 1158 non
1266 1097 1379 1159 sciunt

258 1185 357 1250 aliter
375 1205 476 1268 quam
496 1187 586 1268 quod
605 1188 751 1252 hominis
771 1187 887 1270 lingua
905 1208 966 1252 sua
985 1190 1040 1264 sit,
1060 1199 1096 1252 et
1115 1190 1205 1272 quod
1224 1189 1291 1254 illis
1310 1209 1378 1253 non

258 1281 342 1356 alia;
367 1291 553 1356 causaest,
575 1282 653 1364 quia
672 1292 753 1346 tunc
778 1283 810 1344 in
833 1283 984 1348 hominis
1004 1283 1121 1366 lingua
1139 1295 1230 1359 sunt,
1251 1295 1286 1348 et
1310 1305 1378 1350 nou

256 1377 288 1438 in
308 1396 377 1450 sua,
392 1373 485 1457 cujus
498 1396 561 1442 nec
575 1377 819 1440 recordantur:
845 1386 882 1441 ut
899 1379 1044 1460 primum
1057 1389 1172 1444 autem
1187 1400 1223 1442 se
1236 1401 1377 1445 conver·

257 1481 336 1536 tunt
360 1472 404 1538 ab
422 1471 572 1548 homine,
593 1481 675 1536 tunc
699 1473 732 1536 in
756 1492 816 1536 sua
839 1473 997 1555 angelica
1020 1484 1056 1538 et
1078 1474 1245 1556 spirituali
1265 1474 1379 1558 lingua

255 1577 344 1640 sunt,
364 1585 426 1630 nec
446 1568 557 1632 sciunt
575 1567 755 1650 quicquam
774 1568 818 1632 de
838 1565 955 1650 lingua
970 1567 1127 1634 hominis.
1173 1568 1289 1634 Simile
1308 1571 1376 1634 sac·

256 1673 329 1726 tum
352 1672 407 1725 est
431 1681 576 1738 mecum,
597 1681 673 1726 cum
697 1663 731 1724 in
755 1664 931 1728 consortio
953 1663 998 1726 lui
1022 1684 1098 1727 cum
1122 1664 1264 1746 angelis,
1286 1675 1320 1728 et
1344 1665 1377 1728 in

255 1757 356 1820 simili
374 1766 469 1820 statu
492 1776 569 1820 cum
594 1757 679 1835 illis;
711 1767 793 1822 tunc
812 1779 947 1840 quoque
967 1757 1102 1822 locutus
1121 1778 1195 1825 sum
1215 1779 1291 1824 cum
1312 1759 1378 1824 illis

255 1873 315 1916 sua
333 1852 462 1934 lingua,
480 1871 543 1916 nec
563 1853 644 1916 scivi
661 1853 840 1934 quicquam
860 1853 902 1916 de
922 1871 1008 1926 mea,
1026 1851 1120 1933 cujus
1140 1873 1201 1918 nec
1219 1856 1377 1920 recorda-

254 1957 309 2010 tus
328 1967 423 2023 sum;
449 1955 485 2010 ut
506 1947 650 2028 primum
669 1957 785 2010 autem
806 1967 874 2010 non
894 1965 971 2010 cum
991 1946 1057 2009 illis
1076 1948 1109 2010 in
1126 1951 1302 2016 consortio
1321 1951 1375 2025 lui,

254 2043 287 2105 in
310 2061 388 2108 mea
411 2041 526 2123 lingua
545 2061 648 2108 eram.
695 2041 889 2106 Memoratu
909 2043 1011 2106 etiam
1031 2043 1173 2124 dignum
1196 2055 1260 2122 est,
1285 2047 1375 2128 quod

254 2156 330 2202 cum
353 2137 468 2218 angeli
491 2147 526 2200 et
549 2137 688 2218 spiritus
712 2157 748 2200 se
771 2147 978 2202 convertunt
1001 2137 1045 2200 ad
1073 2137 1259 2214 hominem,
1283 2140 1375 2223 loqui

254 2232 387 2312 possint
406 2251 482 2296 cum
501 2231 560 2296 illo
578 2232 621 2294 ad
641 2250 780 2298 omnem
799 2231 1022 2307 distantiam
1047 2231 1153 2296 locuti
1172 2235 1276 2298 etiam
1296 2247 1375 2299 sunt

254 2345 386 2390 mecum
406 2348 423 2389 e
441 2326 629 2410 longinquo
645 2347 752 2409 aeque
768 2346 891 2390 sonore
908 2328 994 2391 sicut
1015 2328 1048 2388 in
1065 2329 1275 2410 propinquo;
1298 2348 1374 2394 cum

167 2421 169 2426 ’
254 2435 368 2486 autem
392 2443 429 2486 se
457 2433 664 2486 convertunt
694 2422 738 2485 ab
761 2422 911 2496 homine,
931 2443 970 2486 ac
994 2424 1083 2486 inter
1112 2443 1149 2487 se
1179 2424 1374 2506 loquuntur,

254 2519 343 2601 quod
363 2539 501 2602 prorsus
521 2518 603 2580 nihil
627 2519 784 2580 audiatur
806 2517 850 2580 ab
873 2517 1011 2582 homine
1029 2519 1110 2600 quid
1134 2519 1327 2602 loquuntur,
1348 2519 1375 2584 si

253 2612 308 2676 vel
331 2614 364 2676 id
388 2613 476 2678 foret
492 2613 594 2694 juxta
614 2613 723 2694 ipsam
742 2632 876 2676 aurem:
906 2613 985 2674 inde
1005 2615 1128 2693 patuit,
1149 2614 1240 2696 quod
1264 2617 1375 2679 omnis

253 2706 447 2790 conjunctio
465 2710 498 2772 in
515 2708 680 2790 spirituali
697 2708 825 2772 mundo
841 2709 884 2771 sit
901 2709 1087 2772 secundum
1104 2711 1374 2774 conversionem.

254 2805 405 2886 Dignum
429 2805 533 2868 etiam
558 2814 748 2868 memoratu
771 2813 836 2878 est,
861 2804 952 2885 quod
985 2803 1098 2884 plures
1121 2804 1219 2867 simul
1242 2807 1376 2886 possint

254 2898 346 2982 loqui
371 2919 446 2964 cum
471 2898 621 2974 homine,
641 2909 677 2962 et
700 2897 805 2962 homo
828 2918 905 2961 cum
925 2898 1013 2975 illis3
1038 2900 1181 2962 mittunt
1199 2901 1289 2962 enim
1313 2900 1374 2964 ali·

253 3015 353 3078 quem
370 2995 524 3076 spiritum
544 3015 564 3056 a
583 3014 619 3056 se
638 2994 681 3056 ad
700 2993 886 3067 hominem,
904 3011 980 3056 cum
998 3014 1066 3075 quo
1082 2993 1173 3076 loqui
1191 2995 1322 3069 volunt,
1339 3006 1374 3059 et

253 3091 390 3172 spiritus
413 3090 556 3152 emissus
583 3109 620 3152 se
647 3089 818 3152 convertit
844 3089 891 3152 ad
918 3089 1024 3162 illum,
1049 3097 1086 3150 et
1116 3087 1229 3169 plures
1253 3089 1300 3153 illi
1330 3089 1373 3152 ad

254 3203 349 3247 suum
370 3185 535 3265 spiritum,
556 3194 591 3247 et
615 3184 662 3246 sic
686 3193 914 3246 concentrant
933 3203 1011 3245 suas
1031 3185 1272 3264 cogitationes,
1292 3203 1375 3268 quas

252 3280 388 3360 spiritus
408 3278 534 3361 profert
552 3299 560 3354 ;
584 3279 722 3359 spiritus
741 3288 823 3342 tunc
848 3297 917 3341 non
940 3277 1041 3340 aliter
1063 3279 1139 3350 scit,
1160 3297 1261 3360 quam
1281 3281 1373 3362 quod

252 3375 503 3458 ipseloquatur
522 3395 566 3438 ex
586 3394 633 3447 se,
654 3384 689 3438 et
710 3373 758 3436 illi
779 3393 847 3436 non
867 3373 968 3438 aliter
987 3392 1089 3456 quam
1109 3374 1198 3455 quod
1219 3375 1301 3454 ipsi;
1326 3375 1374 3438 ita

252 3471 290 3534 fit
310 3468 503 3552 conjunctio
520 3469 664 3552 plurium
680 3489 756 3532 cum
777 3489 844 3532 uno
859 3470 962 3532 etiam
979 3489 1039 3550 per
1051 3467 1372 3532 conversionemlm‘l

253 3565 322 3642 Sed
345 3567 388 3630 de
412 3565 592 3646 Spiritibus
612 3564 664 3627 his
683 3565 877 3638 emissariis
898 3565 954 3646 qui
977 3565 1080 3627 etiam
1099 3574 1267 3627 vocantur
1285 3561 1372 3628 Sub·

248 3659 350 3743 jec‘la,
364 3673 399 3726 et
416 3663 460 3726 de
476 3661 789 3727 communicatione
806 3679 865 3741 per
882 3660 970 3733 illos,
989 3661 1022 3722 in
1040 3659 1261 3742 sequentibus
1277 3659 1373 3741 plura

252 3757 418 3820 dicentur.

315 3852 414 3936 256.
443 3851 523 3914 Non
543 3850 624 3914 licet
641 3850 741 3936 alicui
757 3849 883 3932 angelo
899 3859 934 3912 et
952 3849 1083 3931 spiritui
1103 3849 1194 3932 loqui
1213 3869 1290 3914 cum
1309 3848 1371 3914 ho·

253 3947 341 4009 mine
365 3967 409 4010 ex
434 3967 494 4009 sua
516 3947 691 4019 memoria,
712 3945 772 4008 sed
796 3965 841 4008 ex
865 3945 1036 4023 hominis;
1065 3943 1199 4026 angelis
1222 3945 1312 4007 enim
1336 3953 1372 4008 et

652 4164 690 4214 (ax
702 4174 800 4206 martra
812 4165 974 4216 connum)

306 4269 369 4336 (uu)
396 4265 486 4351 Quod
505 4265 627 4336 spiritus
642 4281 660 4320 a
676 4266 870 4320 societatibus
886 4281 921 4390 ag>

253 4339 379 4393 cietates
391 4339 531 4392 dicantur
542 4335 677 4406 subiecta
694 4338 734 4404 (n.
747 4351 825 4405 4403,
841 4336 891 4406 585
909 4337 922 4404 )

306 4409 396 4481 Quod
409 4407 696 4463 communicationes
712 4408 741 4462 in
758 4407 872 4462 mundo
884 4407 1032 4477 spirituali
1045 4407 1118 4462 fiant
1131 4423 1185 4478 per
1196 4407 1273 4462 tales
1285 4408 1373 4463 emis·

252 4479 347 4534 sorios
359 4479 481 4549 spiritus
496 4481 536 4546 (n.
549 4493 629 4546 4403,
645 4477 721 4548 5856,
737 4477 826 4546 5983).

306 4549 395 4622 Quod
416 4549 546 4620 spiritus,
565 4565 633 4603 cum
654 4548 780 4604 emissus
799 4557 854 4611 est,
872 4557 904 4604 et
925 4547 1049 4604 inservit
1069 4564 1123 4619 pro
1144 4547 1289 4619 subjecto.
1312 4565 1371 4604 non

253 4623 367 4691 cogitet
379 4637 417 4676 ex
429 4635 469 4682 se,
483 4621 535 4675 sed
549 4636 587 4675 ex
600 4619 666 4682 illis,
679 4635 715 4674 ex
729 4619 837 4690 quibus
850 4619 976 4676 emissus
989 4629 1036 4675 est
1049 4621 1090 4689 (n.
1102 4618 1280 4690 5985-5987).

924 4265 1045 4320 irituum
1060 4265 1160 4320 emissi
1180 4267 1218 4320 ad
1234 4265 1308 4321 alias
1324 4281 1373 4320 so·
