3350 5366
291 661 341 710 DE
354 657 703 722 APPARENT1A,stru
715 657 763 709 ET
775 655 1043 710 PLURALITATE
1055 656 1321 709 INFERNORUM.
1342 659 1400 726 379

283 840 362 896 runt
378 854 386 898 ι
406 831 441 896 in
457 831 695 896 remotissimis
710 831 756 896 ibi
772 839 862 907 sunt,
876 829 932 914 qui
948 850 994 894 ex
1010 827 1191 913 Religioso
1207 827 1400 904 Cathollco,

283 936 322 992 ut
344 936 499 1002 vocatur,
517 927 663 1002 luerunt,
683 935 719 990 et
742 925 924 990 voluerunt
947 925 993 988 ibi
1015 925 1083 988 coli
1112 933 1149 988 ut
1179 925 1235 1000 dii,
1255 933 1292 988 et
1321 924 1402 988 inde

283 1022 364 1086 odio
382 1031 419 1086 et
437 1019 589 1086 vindicta
605 1021 794 1102 flagrarunt
814 1027 937 1085 contra
952 1038 1074 1084 omnes
1091 1020 1148 1102 qui
1165 1017 1302 1083 illorum
1322 1028 1402 1102 pot·

283 1125 434 1180 estatem
452 1135 554 1199 super
568 1115 699 1179 animas
718 1116 893 1179 hominum
912 1123 949 1179 et
967 1133 1069 1198 super
1086 1113 1232 1189 caelum,
1252 1133 1321 1176 non
1340 1133 1402 1196 ag·

285 1219 466 1276 noverunt.
510 1209 566 1274 illi
595 1209 697 1274 simili
719 1210 844 1286 animo,
865 1209 931 1273 hoc
953 1219 1019 1285 est,
1039 1208 1142 1272 simili
1165 1209 1246 1272 odio
1268 1217 1304 1272 et
1327 1209 1401 1272 vin·

284 1303 478 1370 dictasunt
498 1313 621 1368 contra
642 1305 720 1368 illos
743 1305 799 1387 qui
822 1325 860 1368 se
883 1311 1074 1386 opponunt,
1099 1302 1186 1368 sicut
1209 1303 1344 1367 luerunt
1368 1305 1402 1366 in

285 1399 432 1466 mundo:
454 1398 735 1481 jucundissimum
751 1417 868 1463 eorum
884 1409 938 1463 est
955 1399 1085 1462 saevire
1100 1417 1108 1477 3
1132 1397 1192 1462 sed
1211 1398 1276 1462 hoc
1295 1400 1402 1462 verti·

284 1503 341 1559 tur
358 1495 392 1558 in
411 1493 520 1558 altera
537 1494 660 1558 vitain
679 1495 791 1576 ipsos;
822 1511 902 1556 nam
924 1495 958 1557 in
977 1493 1116 1558 infernis
1134 1511 1261 1568 eorum,
1282 1494 1402 1575 quibus

285 1587 390 1672 plaga
412 1588 638 1653 occidentalis
659 1587 792 1670 repleta
817 1599 884 1662 est,
902 1588 982 1652 furit
1002 1607 1087 1652 unus
1114 1589 1148 1650 in
1177 1587 1323 1651 alterum
1347 1589 1402 1671 qui

285 1684 348 1748 sibi
367 1683 541 1760 Divinam,
560 1691 775 1766 potestatem
794 1682 951 1764 derogat.
998 1681 1082 1764 (Sed
1101 1683 1145 1746 de
1164 1681 1216 1746 his
1235 1682 1332 1764 plura
1350 1683 1402 1746 di·

286 1787 409 1842 centur
439 1779 474 1842 in
503 1777 669 1860 opusculo
696 1777 749 1841 De
775 1777 900 1842 Ultimo
925 1777 1062 1851 Judr'cr'o
1089 1785 1122 1840 et
1150 1777 1190 1842 de
1218 1777 1403 1860 Babylonio

285 1873 482 1956 destructa.)
527 1872 658 1936 Verum
681 1871 1015 1955 quomodossinierna
1044 1872 1078 1935 in
1102 1871 1162 1935 illa
1184 1872 1289 1954 plaga
1311 1873 1402 1936 ordi-

286 1978 370 2032 nata
388 1978 478 2041 sunt,
496 1987 566 2030 non
582 1967 658 2031 sciri
678 1975 820 2048 potest;
844 1967 955 2030 solum
973 1966 1064 2048 quod
1083 1968 1299 2031 atrocissima
1314 1969 1403 2032 illius

286 2063 422 2145 generis
451 2063 521 2126 sint
553 2062 598 2126 ad
631 2061 741 2126 latera
767 2081 886 2124 versus
915 2061 1053 2144 plagam
1084 2061 1403 2144 septentrionalem,

286 2159 396 2222 minus
408 2158 540 2222 atrocia
552 2175 670 2222 versus
682 2155 820 2238 plagam
833 2156 1091 2220 meridionalem
1106 2177 1114 2236 ;
1137 2157 1186 2221 ita
1197 2158 1403 2222 inlemorum

285 2253 452 2316 atrocitas
464 2253 633 2316 decrescit
649 2271 669 2315 a
685 2251 789 2333 plaga
801 2251 1064 2333 septentrionali
1075 2251 1119 2316 ad
1133 2253 1402 2328 meridionalem,

286 2356 323 2412 et
345 2367 480 2430 quoque
507 2367 567 2430 per
588 2347 715 2429 gradus
736 2365 855 2409 versus
877 2346 1059 2410 orientem:
1094 2346 1138 2412 ad
1167 2348 1336 2412 orientem
1359 2349 1404 2412 ibi

286 2452 367 2507 sunt
382 2443 439 2526 qui
457 2443 599 2507 fastuosi
616 2442 762 2517 luerunt,
779 2450 815 2505 et
834 2459 904 2504 non
920 2441 1138 2506 crediderunt
1154 2441 1325 2518 Divinum,
1343 2443 1404 2506 sed

287 2556 392 2620 usque
411 2557 481 2600 non
499 2537 634 2601 suerunt
652 2537 687 2600 in
706 2535 768 2602 tali
787 2535 870 2599 odio
887 2545 925 2602 et
944 2533 1105 2612 vindicta,
1125 2555 1235 2619 neque
1255 2536 1288 2602 in
1307 2537 1401 2614 dolo,

287 2632 376 2696 sicut
394 2632 443 2696 illi
462 2634 518 2715 qui
541 2633 586 2696 ibi
604 2631 802 2714 profundius
823 2631 859 2697 in
881 2629 985 2713 plaga
1002 2631 1209 2696 occidentali
1227 2642 1318 2696 sunt.
1363 2633 1404 2698 ln

287 2727 391 2810 plaga
406 2727 566 2791 orientali
584 2727 688 2791 hodie
705 2724 800 2790 nulla
817 2735 899 2789 sunt
917 2725 1067 2804 inlerna;
1086 2745 1173 2808 quae
1193 2727 1238 2791 ibi
1256 2727 1402 2804 luerunt,

287 2821 458 2886 translata
476 2832 556 2886 sunt
579 2822 613 2884 in
632 2821 772 2904 plagam
790 2819 1045 2884 occidentalem
1063 2822 1223 2884 anterius.
1268 2821 1405 2887 Inlema

287 2919 323 2982 in
341 2917 446 3000 plaga
464 2915 727 3000 septentrionali
747 2925 783 2979 et
801 2915 1016 2979 meridionali
1034 2925 1114 2980 sunt
1137 2916 1252 2998 plura:
1279 2918 1314 2981 in
1336 2919 1404 2982 illis

287 3022 379 3089 sunt,
396 3013 463 3096 qui,
487 3014 568 3076 dum
586 3011 761 3086 vixerunt,
780 3011 814 3076 in
832 3029 950 3074 amore
969 3011 1086 3074 mundi
1104 3009 1250 3088 luerunt,
1271 3021 1307 3078 et
1325 3014 1405 3078 inde

288 3109 322 3172 in
337 3109 422 3172 varii
433 3107 570 3189 generis
581 3104 692 3180 malis,
704 3115 885 3188 quaesunt
900 3105 1088 3180 inimicitia,
1105 3099 1291 3182 hostilitas,
1305 3108 1404 3182 furta,

289 3202 482 3277 latrocinia,
506 3211 612 3277 astus,
632 3201 787 3276 avaritia,
811 3199 1113 3276 immisericordia;
1144 3202 1292 3280 pessima
1314 3203 1405 3267 illius

289 3299 425 3380 generis
449 3299 582 3360 inferna
608 3305 688 3359 sunt
717 3297 752 3358 in
779 3294 1044 3378 septentrionali
1072 3294 1185 3376 plaga,
1206 3297 1343 3360 mitiora
1370 3298 1404 3362 in

289 3393 523 3470 meridionali;
547 3391 666 3454 diritas
682 3408 799 3453 eorum
815 3390 951 3464 crescit,
966 3389 1054 3452 sicut
1070 3390 1310 3472 propinquiora
1324 3404 1405 3457 sunt

289 3489 333 3552 ad
356 3488 495 3572 plagam
514 3483 778 3558 occidentalem,
795 3493 831 3548 et
855 3504 989 3566 quoque
1011 3483 1098 3547 sicut
1122 3487 1306 3550 remotiora
1324 3499 1405 3552 sunt

289 3605 310 3647 a
332 3583 437 3667 plaga
455 3579 679 3653 meridionali,
699 3599 739 3642 ac
763 3579 933 3642 decrescit
956 3598 1075 3642 versus
1095 3578 1234 3660 plagam
1253 3582 1404 3646 orienta-

290 3678 369 3755 lem,
390 3687 426 3742 et
449 3695 583 3760 quoque
606 3693 723 3738 versus
743 3672 1013 3738 meridionalem.
1059 3673 1140 3738 Post
1159 3674 1299 3752 inferna,
1319 3697 1405 3758 quae

289 3785 370 3838 sunt
399 3775 432 3837 in
456 3772 561 3855 plaga
582 3768 800 3843 occidentali,
820 3778 900 3832 sunt
928 3768 1036 3832 silvae
1059 3788 1198 3850 opacae,
1223 3771 1256 3832 in
1285 3772 1405 3853 quibus

290 3867 431 3949 maligni
448 3865 585 3948 spiritus
597 3863 787 3930 sicutlerae
801 3871 972 3944 vagantur
986 3885 994 3941 ;
1018 3863 1175 3928 similiter
1184 3874 1264 3946 post
1277 3865 1405 3930 inferna

289 3963 323 4026 in
343 3960 445 4043 plaga
463 3957 734 4042 septentrionali.
779 3957 860 4020 Post
880 3957 1009 4020 inlerna
1026 3966 1141 4021 autem
1157 3959 1191 4020 in
1211 3959 1314 4041 plaga
1333 3980 1404 4026 me·

289 4055 447 4120 ridionali
470 4063 549 4118 sunt
573 4053 721 4124 deserta,
740 4050 784 4114 de
813 4052 935 4134 quibus
964 4071 1047 4116 mox
1077 4071 1181 4134 supra
1208 4050 1321 4118 aarum
1339 4066 1404 4120 est.

292 4151 390 4218 Haec
409 4151 452 4215 de
471 4150 539 4213 situ
561 4147 780 4212 infernorum.

352 4243 454 4331 588.
483 4243 585 4326 Quod
604 4243 839 4325 pluralitatem
857 4241 1062 4306 infernorum
1078 4241 1228 4305 attinet:
1255 4252 1335 4307 sunt
1353 4244 1405 4307 in·

290 4341 385 4406 lerna
403 4349 458 4404 tot
478 4359 619 4403 numero
636 4349 721 4420 quot
737 4347 818 4400 sunt
833 4338 1022 4400 societates
1037 4335 1217 4416 angelicae
1235 4335 1269 4399 in
1288 4339 1404 4416 caelis,

291 4437 453 4521 quoniam
471 4437 576 4499 cuivis
601 4435 762 4498 societati
780 4433 922 4496 caelesti
952 4453 998 4495 ex
1021 4432 1184 4512 opposito
1202 4451 1404 4515 correspon-

292 4535 353 4597 det
382 4532 531 4595 societas
549 4528 732 4594 infernalis.
776 4525 879 4608 Quod
908 4526 1096 4592 societates
1114 4524 1284 4590 caelestes
1307 4529 1404 4592 innu-

293 4645 408 4692 merae
423 4626 504 4700 sint,
517 4634 553 4689 et
570 4643 690 4688 omnes
700 4622 955 4687 discriminatae
966 4621 1154 4684 secundum
1166 4619 1258 4684 bona
1270 4625 1404 4696 amoris,
