3382 5358
306 639 363 720 158
629 648 680 700 uu
698 647 825 700 clauo
848 647 897 698 ar
920 645 1103 698 ruruuuo.

301 822 505 890 describitur
524 821 629 886 etiam
649 819 777 902 passim
796 819 830 882 in
850 816 992 896 Verbo;
1016 825 1054 879 ut
1073 814 1164 898 apud
1182 813 1393 890 Jeremrbm:

351 942 469 1009 “Inda'rn
481 955 570 1020 legem
583 969 671 1004 meam
685 953 769 1003 menri
781 967 883 1004 eorum.
896 960 924 1002 et
935 949 1008 1001 cordi
1020 965 1114 1000 eorum
1126 949 1270 999 inscribam
1281 963 1341 998 eam
1352 961 1371 1008 ς.
1381 986 1387 999 .
1397 987 1420 999 ..

433 1037 488 1072 non
503 1023 640 1072 docebunt
653 1020 770 1083 amplius
785 1019 927 1083 quisquam
942 1017 1060 1066 amicum
1075 1031 1162 1074 suum,
1175 1025 1202 1064 et
1216 1016 1357 1078 quisquam
1373 1014 1425 1064 fra·

433 1099 502 1138 trem
520 1101 607 1146 suum,
625 1086 750 1144 dicendo,
769 1084 934 1148 Cognoscite
950 1083 1091 1146 Jehovam,
1110 1097 1173 1131 nam
1197 1091 1329 1166 quotquot
1346 1089 1426 1129 erunt

432 1161 600 1216 cognoscent
614 1151 669 1210 Me,
682 1166 699 1200 a
713 1151 827 1203 minimo
839 1163 934 1199 eorum
950 1147 984 1198 ad
999 1149 1147 1198 maximum
1161 1145 1270 1197 eorum'
1288 1147 1371 1209 (xxxi.
1385 1158 1424 1206 33,

433 1219 484 1283 ³4>-

303 1353 351 1419 Et
370 1353 461 1436 apud
479 1349 702 1426 Matthaeum,

353 1481 469 1607 “Serqrvq
482 1490 572 1610 [νηεέἶῐῖτ
583 1480 642 1540 erit,
653 1479 695 1530 Ira
706 1481 752 1540 ita,
763 1478 825 1532 Non
838 1492 911 1538 nou;
928 1479 1000 1542 quod
1013 1478 1084 1528 ultra
1094 1477 1162 1526 haec
1174 1485 1223 1534 est,
1236 1489 1270 1526 ex
1278 1473 1351 1524 malo
1363 1471 1426 1524 est''

303 1688 394 1772 quod
411 1707 457 1752 ex
473 1686 566 1751 malo
582 1687 627 1750 sit
640 1685 731 1769 quod
747 1685 838 1750 ultra
854 1685 925 1760 illa,
940 1693 994 1748 est
1010 1685 1089 1768 quia
1106 1704 1174 1748 non
1192 1704 1237 1748 ex
1254 1683 1425 1761 Domino;

303 1802 381 1846 nam
397 1801 479 1846 vera
495 1801 583 1865 quae
599 1783 716 1846 insunt
730 1781 864 1862 angelis
880 1781 974 1844 tertii
987 1780 1084 1856 caeli,
1097 1791 1178 1844 sunt
1197 1801 1242 1844 ex
1263 1779 1424 1854 Domino,

302 1879 381 1962 quia
403 1879 438 1942 in
457 1897 575 1942 amore
597 1879 631 1940 in
651 1877 768 1960 Ipsum
791 1887 894 1944 sunt:
924 1895 1020 1940 amor
1042 1877 1076 1940 in
1096 1877 1282 1941 Dominum
1306 1876 1341 1940 in
1364 1875 1425 1938 illo

302 1974 401 2038 caelo
424 1983 478 2038 est
502 1973 592 2038 velle
615 1983 651 2038 et
674 1973 787 2036 lacere
811 1972 973 2036 Divinum
996 1970 1139 2048 Verum,
1160 1991 1239 2035 nam
1264 1971 1425 2036 Divinum

302 2069 432 2134 Verum
452 2079 505 2133 est
526 2069 693 2133 Dominus
712 2069 746 2131 in
766 2067 873 2132 caelo.

367 2177 457 2248 272.
488 2163 589 2246 Quod
608 2164 724 2246 angeli
743 2172 879 2227 tantam
888 2164 1098 2246 sapientiam
1111 2164 1260 2246 recipere
1279 2163 1425 2246 possint,

303 2259 348 2324 ad
368 2280 490 2324 causas
510 2279 612 2343 supra
630 2260 755 2322 allatas
774 2259 911 2322 accedit
930 2258 1027 2326 haec.
1045 2279 1132 2341 quae
1151 2261 1256 2322 etiam
1275 2261 1309 2322 in
1329 2258 1427 2342 caelo

302 2357 460 2438 primaria
482 2364 547 2430 est,
568 2354 660 2436 quod
679 2354 808 2436 absque
830 2373 947 2417 amore
971 2355 1021 2416 sui
1045 2355 1135 2430 sint;
1160 2373 1239 2416 narn
1258 2363 1426 2436 quantum

304 2452 379 2534 quis
399 2449 526 2533 absque
545 2449 605 2514 illo
624 2469 740 2513 amore
760 2458 825 2525 est,
843 2459 981 2512 tantum
1000 2451 1034 2512 in
1054 2448 1187 2512 Divinis
1204 2469 1323 2530 sapere
1347 2459 1426 2530 pot·

303 2556 377 2610 est:
402 2547 460 2611 ille
479 2566 574 2609 amor
586 2554 641 2608 est
661 2545 717 2626 qui
736 2544 865 2608 claudit
880 2545 1044 2608 interiora
1063 2544 1106 2607 ad
1127 2544 1311 2608 Dominum
1330 2544 1427 2608 etad

225 2695 229 2705 .
304 2641 448 2718 caelum,
463 2651 499 2706 et
518 2643 628 2724 aperit
645 2641 820 2704 exteriora
838 2649 874 2703 et
894 2659 935 2703 ea
950 2640 1055 2704 vertit
1074 2639 1118 2703 ad
1138 2660 1195 2718 se;
1218 2648 1428 2722 quapropter

304 2757 425 2802 omnes
454 2737 516 2812 illi,
536 2737 627 2819 apud
657 2755 743 2820 quos
773 2735 831 2799 ille
860 2755 957 2799 amor
986 2736 1195 2812 dominatur,
1216 2737 1250 2798 in
1280 2735 1428 2817 caligine

304 2843 385 2898 sunt
407 2833 520 2916 quoad
543 2832 605 2896 illa
626 2851 715 2915 quae
736 2831 826 2895 'caeli
849 2841 941 2906 sunt,
961 2839 1134 2914 utcunque
1157 2831 1191 2894 in
1215 2831 1291 2894 luce
1314 2830 1428 2912 quoad

303 2929 363 2992 illa
379 2949 465 3010 quae
482 2928 598 2992 mundi
615 2935 705 2991 sunt.
749 2925 881 3008 Angeli
897 2935 1011 2989 autem
1027 2926 1187 3000 vicissim,
1205 2927 1282 3009 quia
1299 2925 1427 3007 absque

304 3043 422 3088 amore
453 3023 512 3087 illo
539 3032 630 3097 sunt,
656 3023 689 3085 in
720 3021 796 3085 luce
823 3021 1013 3105 sapientiae
1041 3030 1143 3099 sunt;
1174 3041 1309 3084 amores
1337 3023 1427 3083 enim

304 3119 486 3192 caelestes,
507 3119 541 3180 in
564 3119 683 3200 quibus
707 3127 798 3190 sunt,
819 3118 875 3199 qui
899 3126 978 3180 sunt
998 3135 1093 3179 amor
1116 3118 1149 3179 in
1175 3117 1371 3192 Dominum,
1392 3126 1427 3179 et

304 3233 401 3277 amor
423 3233 507 3296 erga
526 3214 731 3294 proximum,
752 3213 909 3294 aperiunt
927 3213 1101 3287 interiora,
1122 3213 1200 3293 quia
1223 3211 1270 3274 illi
1294 3229 1428 3273 amores

304 3330 325 3372 a
344 3307 495 3372 Domino
514 3317 606 3382 sunt,
626 3317 663 3370 et
686 3309 720 3370 in
744 3307 812 3370 illis
832 3317 886 3370 est
911 3307 989 3387 Ipse
1013 3306 1190 3370 Dominus.
1238 3304 1356 3389 (Quod
1379 3305 1428 3368 illi

305 3423 439 3468 amores
466 3403 595 3466 saciant
618 3403 754 3466 caelum
784 3404 818 3465 in
848 3403 1033 3478 communi,
1059 3411 1094 3465 et
1121 3401 1270 3465 forment
1294 3400 1428 3465 caelum

305 3499 396 3580 apud
408 3498 667 3580 unumquemvis
683 3499 716 3561 in
734 3498 940 3579 particulari,
954 3497 1111 3560 videatur
1123 3517 1235 3579 supra,
1250 3515 1282 3559 n.
1300 3493 1426 3578 13-19.)

305 3593 394 3675 Quia
423 3611 558 3656 amores
589 3593 760 3656 caelestes
783 3595 941 3674 aperiunt
964 3593 1127 3655 interiora
1156 3591 1199 3654 ad
1230 3591 1427 3664 Dominum,

304 3689 384 3752 ideo
402 3690 509 3752 etiam
529 3707 649 3752 omnes
666 3687 781 3768 angeli
797 3687 1061 3770 vertuntfacies
1081 3707 1159 3749 suas
1178 3686 1222 3750 ad
1243 3685 1427 3749 Dominum

307 3782 354 3864 (n.
379 3782 476 3865 142);
510 3783 544 3846 in
575 3783 702 3846 mundo
733 3785 824 3846 enim
851 3782 1019 3866 spirituali
1042 3791 1097 3846 est
1124 3801 1221 3845 amor
1243 3781 1299 3863 qui
1322 3781 1428 3843 vertit

270 3921 273 3932 r
305 3880 469 3942 interiora
484 3877 629 3959 cujusvis
645 3878 689 3942 ad
705 3897 753 3953 se,
771 3887 807 3942 et
822 3897 891 3960 quo
906 3878 1008 3942 vertit
1025 3877 1187 3940 interiora
1202 3878 1307 3940 etiam
1323 3875 1428 3939 vertit

269 3987 273 4000 ’
305 3973 451 4053 saciem3
482 3993 562 4038 narn
581 3973 687 4037 iacies
709 3973 756 4036 ibi
786 3991 890 4036 unum
913 3974 987 4055 agit
1017 3991 1095 4036 cum
1121 3971 1349 4046 interioribus,
1373 3981 1428 4035 est

306 4071 396 4134 enim
413 4069 522 4134 forma
538 4077 686 4132 externa
704 4086 832 4132 eorum.
873 4065 963 4149 Quia
979 4087 1076 4131 amor
1090 4068 1195 4132 vertit
1210 4067 1374 4131 interiora
1391 4074 1428 4128 et

308 4291 378 4348 inde
397 4289 546 4364 significet
563 4290 628 4346 illas
645 4291 685 4360 (n.
705 4301 783 4360 2542,
799 4289 877 4360 3869,
890 4289 970 4360 4655,
986 4301 1061 4360 5917,
1074 4289 1153 4357 7116,
1166 4289 1244 4360 8561,
1258 4303 1337 4360 9311,
1349 4301 1428 4360 9397.

310 4362 422 4432 100651?
442 4362 562 4430 rooorl).

361 4432 451 4558 guod
465 4431 614 4505 significet
627 4431 833 4516 receptionem
846 4432 1010 4518 ueritatum
1025 4433 1065 4498 (n.
1082 4443 1158 4500 5471,
1174 4443 1251 4501 5475,
1265 4430 1357 4501 9916).

391 4520 408 4558 e
420 4503 689 4575 correspondentra
697 4503 776 4558 oculr
789 4512 821 4558 et
833 4519 899 4586 ejus
910 4519 993 4557 ursus
1007 4505 1228 4572 (¹1·4403-442¹·
1241 4500 1429 4572 4523-4534);

306 4575 388 4700 qaod
404 4575 486 4630 visus
500 4573 580 4630 oculi
597 4574 667 4628 inde
680 4573 705 4628 si
727 4573 830 4629 nificet
844 4571 1075 4645 intelligentiam
1088 4588 1165 4645 quae
1180 4571 1250 4628 fidei
1264 4583 1296 4628 et
1309 4587 1430 4646 quoque

350 4661 398 4700 em
414 4648 453 4714 (n.
469 4659 546 4713 2701,
558 4659 638 4712 4410,
651 4657 685 4715 45
724 4643 823 4715 ,6915
835 4657 914 4714 9951,
934 4643 1040 4714 19569).
