3382 5358
337 640 397 724 196
660 652 710 703 os
733 652 860 703 casco
879 651 928 704 ΕΤ
951 651 1133 704 INFERNO.

327 825 446 901 dr'cum,
460 824 505 888 de
522 823 648 898 Micha,
662 824 754 906 quod
770 822 877 886 Danis
893 821 952 887 filii
968 821 1175 888 abstulerint
1187 821 1259 905 ejus
1275 821 1447 906 sculptile,

307 918 533 1002 theraphim,
558 928 594 982 et
618 918 789 993 Levitam,
815 928 897 981 tunc
920 928 995 982 erat
1018 919 1157 1000 spiritus
1180 939 1226 981 ex
1249 918 1447 1002 gentilibus,

327 1015 384 1097 qui
399 1015 434 1078 in
449 1015 523 1078 vita
538 1015 689 1095 corporis
709 1016 760 1076 sui
775 1014 980 1078 adoraverat
996 1012 1167 1094 sculptile.
1213 1011 1298 1076 Cum
1311 1020 1449 1078 attente

327 1109 461 1172 audiret
480 1109 559 1191 quid
577 1105 704 1172 sactum
724 1107 871 1182 Michae,
888 1117 924 1171 et
948 1108 982 1170 in
1002 1129 1069 1190 quo
1088 1107 1208 1170 dolore
1226 1106 1288 1170 t'uit
1308 1118 1449 1190 propter

327 1203 489 1284 sculptile
519 1221 628 1278 suum,
656 1201 748 1286 quod
776 1202 994 1266 abstulerunt
1023 1201 1185 1278 Danitae,
1217 1203 1323 1266 etiam
1352 1201 1448 1266 illum

326 1298 591 1381 superveniebat
610 1308 646 1362 et
665 1296 838 1361 afficiebat
854 1297 964 1373 dolor,
982 1298 1193 1381 usqueadeo
1211 1307 1249 1362 ut
1267 1297 1328 1361 vix
1344 1299 1448 1361 sciret

327 1413 409 1474 prae
428 1394 590 1456 interiore
609 1392 728 1456 dolore
748 1392 829 1475 quid
848 1393 1041 1474 cogitaret;
1068 1393 1126 1476 qui
1148 1391 1249 1456 dolor
1266 1399 1448 1474 perceptus

326 1497 392 1562 est,
411 1497 447 1551 et
466 1486 565 1550 simul
585 1495 750 1568 percepta
768 1487 967 1550 innocentia
989 1487 1023 1550 in
1042 1487 1186 1569 singulis
1206 1486 1277 1568 ejus
1296 1485 1447 1550 affectio·

326 1582 435 1645 nibus.
480 1580 663 1644 Christiani
682 1583 787 1645 etiam
807 1582 945 1663 spiritus
968 1582 1124 1656 aderant,
1144 1591 1181 1644 et
1204 1581 1446 1656 observabant,

324 1685 361 1742 et
378 1678 488 1740 mirati
505 1686 595 1752 sunt,
609 1676 700 1758 quod
717 1676 887 1758 sculptilis
903 1677 1066 1740 adorator
1082 1685 1183 1740 tanta
1195 1675 1447 1740 misericordiae

325 1782 361 1837 et
381 1773 599 1835 innocentiae
619 1768 798 1834 affectione
816 1779 1022 1834 moveretur.
1069 1770 1195 1834 Postea
1214 1771 1295 1834 boni
1310 1771 1447 1854 spiritus

326 1887 403 1932 cum
434 1888 476 1930 eo
503 1866 610 1929 locuti
640 1875 731 1940 sunt,
752 1865 920 1940 dicentes,
941 1865 1032 1947 quod
1063 1863 1224 1946 sculptile
1252 1885 1321 1928 non
1352 1874 1446 1929 esset

325 1961 550 2035 adorandum,
575 1971 611 2023 et
638 1959 730 2042 quod
760 1959 825 2022 hoc
857 1959 1053 2042 intelligere
1077 1969 1195 2040 posset
1217 1961 1296 2042 quia
1318 1959 1446 2038 homo;

325 2057 387 2120 sed
406 2056 497 2138 quod
514 2057 670 2136 cogitare
686 2054 813 2118 debeat
828 2064 929 2118 extra
944 2053 1104 2136 sculptile
1124 2052 1167 2116 de
1187 2051 1262 2118 Deo
1282 2051 1446 2118 Creatore

325 2160 362 2214 et
381 2149 619 2214 Gubernatore
636 2151 782 2212 universi
800 2149 886 2212 caeli
906 2158 941 2212 et
961 2149 1139 2211 universae
1158 2158 1282 2224 terrae,
1299 2158 1336 2212 et
1355 2148 1446 2232 quod

324 2245 383 2308 ille
414 2244 507 2307 Deus
536 2253 630 2307 esset
654 2244 833 2306 Dominus.
879 2241 965 2306 Cum
988 2241 1073 2306 haec
1098 2241 1311 2318 dicebantur,
1336 2243 1445 2326 perci·

325 2358 406 2422 pere
428 2339 575 2402 dabatur
607 2337 678 2419 ejus
714 2337 928 2401 adorationis
961 2333 1120 2402 affectum
1156 2337 1366 2413 interiorem,
1390 2337 1446 2421 qui

325 2453 460 2496 mecum
491 2433 821 2508 communicabatur,
850 2431 960 2495 multo
987 2429 1194 2495 sanctiorem
1224 2451 1325 2514 quam
1355 2430 1447 2514 apud

325 2525 549 2589 Christianos.
596 2525 653 2587 Ex
671 2546 739 2608 quo
756 2535 918 2588 constare
935 2534 1064 2606 potest,
1083 2523 1175 2607 quod
1191 2523 1349 2589 Gentil'es
1363 2525 1445 2614 saei·

324 2619 389 2682 lius
412 2621 446 2682 in
470 2619 603 2682 caelum
622 2621 775 2693 veniant,
796 2639 898 2702 quam
915 2618 1100 2683 Christiani
1123 2619 1237 2695 hodie,
1258 2621 1445 2684 secundum

324 2713 465 2778 Domini
483 2712 589 2775 verba
606 2713 697 2794 apud
713 2709 837 2776 Lucam
849 2734 862 2775 .·

375 2873 475 2926 “Tunc
489 2885 600 2924 venient
611 2876 646 2924 ab
660 2875 763 2924 oriente
778 2884 805 2923 et
816 2875 963 2932 occidente,
975 2883 1003 2924 et
1019 2890 1036 2924 a
1053 2875 1238 2938 septentrione
1250 2885 1277 2924 et
1288 2875 1409 2934 meridie,
1418 2885 1446 2926 et

472 2941 642 2990 discumbent
662 2940 690 2989 in
710 2954 794 3002 regno
810 2939 879 2990 Dei:
904 2949 931 2988 et
951 2955 1012 2989 ecce
1025 2949 1089 2989 sunt
1103 2939 1190 2989 ultimi
1204 2941 1250 3004 qui
1264 2951 1343 2990 erunt
1355 2942 1444 3006 primi,

468 3015 495 3056 et
509 3015 572 3054 sunt
584 3005 664 3068 primi
673 3005 718 3070 qui
730 3014 809 3054 erunt
820 3003 929 3054 ultimi”
941 3004 1006 3067 (xiii.
1019 3018 1059 3068 29,
1073 3003 1116 3068 30)
1129 3020 1135 3066 ;
1362 3011 1364 3018 ’

324 3201 404 3248 nam
427 3184 462 3246 in
481 3191 576 3246 statu
599 3182 634 3245 in
653 3201 720 3264 quo
738 3181 797 3245 ille
816 3191 901 3257 erat,
923 3183 1036 3265 potuit
1055 3183 1159 3247 imbui
1178 3184 1336 3248 omnibus
1354 3183 1456 3260 fidet,

323 3289 360 3343 et
389 3277 449 3340 illa
471 3295 549 3340 cum
571 3277 734 3339 interiore
753 3274 934 3340 affectione
953 3278 1129 3359 recipere;
1160 3278 1251 3360 apud
1269 3297 1347 3342 eum
1370 3289 1445 3344 erat

323 3373 556 3436 misericordia
574 3392 661 3454 quae
679 3372 815 3446 amoris,
836 3381 872 3434 et
891 3371 924 3434 in
948 3371 1019 3454 ejus
1038 3374 1234 3454 ignorantia
1252 3384 1326 3438 erat
1345 3375 1444 3438 inno-

322 3469 438 3532 centia
450 3489 458 3546 ;
478 3487 565 3550 quae
579 3486 655 3529 cum
668 3466 806 3541 adsunt,
818 3467 933 3530 omnia
945 3466 1024 3530 fidei
1036 3469 1125 3530 sicut
1138 3477 1264 3550 sponte
1276 3469 1444 3551 recipiun-

323 3573 389 3637 tur,
405 3573 442 3627 et
459 3562 526 3626 hoc
545 3579 623 3624 cum
638 3560 773 3641 gaudio.
819 3559 995 3644 Receptus
1011 3563 1089 3626 dein
1108 3571 1162 3626 est
1181 3563 1271 3626 inter
1287 3561 1443 3644 angelos.

385 3675 481 3743 325·
511 3657 612 3724 Unus
628 3660 753 3723 chorus
772 3660 816 3722 ad
836 3661 1039 3724 distantiam
1058 3661 1194 3724 auditus
1212 3661 1274 3725 suit
1293 3662 1443 3744 quodam

322 3775 445 3832 mane;
478 3773 524 3818 ex
551 3753 647 3817 chori
675 3755 1053 3837 repraesentationibus
1083 3776 1296 3838 cognoscere
1322 3756 1443 3822 datum

321 3860 389 3923 est,
409 3849 499 3930 quod
519 3859 637 3912 essent
658 3847 871 3928 Chinenses;
895 3851 1065 3915 sistebant
1085 3851 1176 3914 enim
1193 3852 1343 3931 speciem
1358 3849 1444 3915 hirci

322 3945 442 4018 lanati,
463 3952 536 4006 turn
556 3943 753 4026 placentam
773 3965 818 4007 ex
838 3943 951 4019 miliis,
962 3949 999 4007 et
1011 3940 1190 4006 cochleare
1202 3939 1389 4017 ¹¹¹ebenum,
1404 3955 1443 4010 ut

320 4050 358 4103 et
388 4039 501 4101 ideam
531 4039 623 4100 urbis
652 4038 817 4102 natatilis.
864 4038 1118 4103 Desiderabant
1147 4040 1287 4122 propius
1313 4039 1442 4118 adme

243 4153 246 4162 ’
319 4135 449 4209 venire,
466 4141 595 4196 etcum
614 4153 651 4196 se
667 4133 893 4216 applicarent,
910 4133 1073 4197 dicebant
1089 4134 1180 4217 quod
1196 4133 1261 4198 soli
1279 4134 1370 4218 apud
1386 4154 1441 4199 me

320 4249 397 4294 esse
426 4226 570 4303 vellent,
595 4237 632 4291 ut
663 4249 724 4291 sua
753 4229 911 4309 cogitata
941 4231 1139 4312 aperirent'
1170 4227 1240 4292 Sed
1263 4229 1442 4293 dicebatur

249 4397 253 4410 Ι
319 4325 380 4400 eis,
401 4323 491 4406 quod
522 4323 587 4386 soli
620 4341 688 4386 non
712 4333 839 4398 essent,
864 4334 901 4388 et
930 4324 1021 4406 quod
1049 4323 1106 4387 alii
1133 4325 1189 4408 qui
1217 4325 1441 4406 indignantur

319 4418 411 4501 quod
427 4417 492 4481 soli
507 4437 584 4482 esse
599 4417 743 4494 vellent,
761 4437 837 4480 cum
855 4427 972 4482 tamen
984 4417 1165 4500 hospites„
1197 4417 1440 4501 indignatione

319 4531 437 4576 eorum
461 4522 634 4595 percepta,
654 4511 688 4574 in
712 4513 963 4593 cogitationem
987 4511 1073 4595 lapsi
1097 4523 1188 4588 sunt,
1206 4517 1317 4576 ¹¹¹num
1341 4533 1438 4594 prae·

319 4608 462 4671 varicati
477 4609 545 4671 sint
562 4617 685 4670 contra
701 4608 907 4689 proximum,
928 4615 964 4670 et
985 4627 1065 4670 num
1082 4609 1263 4691 quicquam
1283 4609 1346 4671 sibi
1366 4609 1436 4670 vin·
