3382 5358
299 646 448 700 GENTES
464 645 534 698 SEU
550 644 685 698 POPULI
701 644 831 694 EXTRA
847 643 1061 696 ECCLESIAM
1077 643 1118 694 IN
1134 642 1270 695 CAELO.
1320 647 1377 714 193

255 820 366 904 aperit
390 817 578 892 exteriora,
604 814 665 880 sed
698 834 767 878 non
798 815 982 894 interiora;
1021 835 1101 878 nam
1132 814 1279 879 influxus
1310 835 1378 878 non

255 915 391 979 dature
411 912 539 976 mundo
555 909 704 974 naturali
724 911 757 974 in
777 910 1002 992 spiritualem,
1019 911 1081 974 sed
1099 932 1118 974 e
1138 910 1265 974 mundo
1281 911 1378 992 spiri-

255 1010 339 1073 tuali
370 1009 404 1073 in
428 1005 645 1084 naturalem3
680 1015 890 1088 quapropter
912 1005 940 1068 si
969 1025 1037 1068 non
1061 1004 1194 1068 caelum
1218 1005 1379 1088 recipitur

255 1102 366 1178 simul,
384 1101 590 1166 clauduntur
607 1101 777 1163 interiora.
823 1099 880 1162 Ex
899 1099 953 1162 his
967 1099 1075 1163 videri
1095 1109 1223 1182 potest,
1238 1101 1378 1183 quinam

255 1195 388 1260 caelum
405 1198 439 1260 in
459 1215 496 1258 se
512 1195 691 1276 recipiunt,
705 1204 741 1258 et
757 1194 896 1277 quinam
909 1213 978 1258 non
993 1195 1170 1276 recipiunt.
1214 1191 1283 1258 Sed
1299 1215 1377 1258 cae·

255 1291 323 1354 lum
337 1292 370 1354 in
384 1310 452 1354 uno
465 1309 535 1352 non
548 1288 658 1352 simile
671 1299 726 1351 est
738 1287 839 1372 quale
852 1289 886 1351 in
897 1288 1027 1363 altero;
1050 1287 1163 1352 differt
1175 1289 1210 1352 in
1222 1309 1377 1371 unoquo-

254 1386 305 1448 vis
323 1384 512 1448 secundum
531 1381 748 1447 affettionem
768 1383 903 1446 boniet
924 1382 1004 1446 inde
1023 1383 1116 1445 veri:
1144 1383 1200 1466 qui
1222 1383 1256 1445 in
1276 1381 1377 1446 affec·

255 1481 350 1544 tione
384 1479 466 1542 boni
500 1488 581 1542 sunt
614 1487 755 1560 propter
785 1477 958 1552 Divinum,
986 1475 1035 1540 illi
1067 1486 1185 1540 amant
1216 1476 1377 1540 Divinum

255 1573 395 1647 Verum,
417 1591 496 1636 nam
515 1572 643 1635 bonum
662 1579 699 1634 et
717 1589 835 1634 verum
854 1591 892 1634 se
911 1579 1031 1634 mutuo
1049 1580 1180 1643 amant,
1200 1580 1236 1634 et
1255 1571 1377 1635 volunt

254 1667 415 1750 conjungi
430 1664 490 1745 30¹⁸>
514 1675 723 1750 quapropter
743 1663 886 1740 Gentes,
906 1665 1061 1748 quamvis
1080 1684 1149 1728 non
1168 1665 1201 1727 in
1221 1667 1378 1746 genuinis

253 1763 341 1825 veris
360 1764 393 1824 in
413 1761 541 1824 mundo
560 1769 652 1836 sunt,
670 1780 777 1844 usque
796 1768 915 1824 tamen
933 1779 979 1822 ex
997 1779 1113 1822 amore
1129 1760 1299 1841 recipiunt
1316 1759 1376 1824 illa

253 1856 287 1918 in
306 1855 417 1920 altera
436 1856 519 1918 vita.

315 1963 415 2032 32⁰.
445 1948 531 2013 Erat
550 1947 690 2031 quidam
710 1949 849 2030 spiritus
869 1968 914 2012 ex
933 1945 1140 2023 Gentilibus,
1151 1948 1208 2030 qui
1230 1949 1264 2010 in
1282 1947 1375 2014 bono
1475 1997 1479 2008 .

252 2044 434 2108 charitatis
457 2044 646 2108 secundum
670 2061 767 2106 suum
788 2041 986 2124 religiosum
1010 2045 1044 2105 in
1068 2043 1197 2105 mundo
1216 2044 1373 2122 vixerat;

252 2140 281 2202 is
310 2156 387 2204 cum
412 2137 626 2202 Christianos
648 2138 788 2217 spiritus
811 2138 942 2200 audivit
964 2137 1210 2200 ratiocinantes
1233 2137 1277 2200 de
1300 2157 1374 2202 cre·

252 2233 385 2308 dendis,
408 2231 562 2315 (spiritus
580 2233 672 2294 inter
690 2251 727 2294 se
747 2230 858 2293 multo
877 2229 1011 2312 plenius
1029 2239 1065 2294 et
1088 2231 1218 2294 acutius
1236 2233 1373 2295 ratioci-

253 2337 378 2392 nantur
401 2345 503 2410 quam
526 2325 696 2399 homines,
717 2325 883 2406 imprimis
907 2325 950 2387 de
979 2325 1079 2388 bonis
1109 2334 1145 2390 et
1173 2325 1290 2408 veris)
1315 2326 1374 2390 ille

253 2423 395 2485 miratus
414 2420 505 2503 quod
524 2421 574 2483 ita
592 2419 843 2500 disceptarent,
863 2419 953 2482 dixit
976 2439 1013 2484 se
1036 2439 1105 2482 non
1125 2417 1184 2482 illa
1202 2419 1291 2484 velle
1314 2441 1373 2483 au-

252 2518 335 2590 dire,
370 2535 450 2578 nam
483 2514 782 2578 ratiocinabantur
814 2533 860 2580 ex
892 2515 1105 2596 apparentiis
1138 2523 1174 2578 et
1209 2507 1372 2594 fallaciis3

251 2613 425 2674 instruens
444 2630 504 2674 eos
526 2610 586 2684 ita,
609 2606 674 2671 “Si
693 2627 767 2671 sum
787 2607 909 2682 bonus,
930 2629 1017 2690 quae
1035 2629 1117 2672 vera
1134 2617 1214 2672 sunt
1234 2629 1279 2672 ex
1298 2611 1374 2692 ipso

251 2706 343 2768 bono
361 2723 501 2786 possum
522 2704 619 2777 scire,
641 2711 677 2766 et
697 2721 784 2784 quae
804 2721 872 2766 non
892 2703 963 2766 scio
983 2722 1122 2786 possum
1141 2703 1321 2786 recipere.”

315 2811 408 2880 321·
439 2797 559 2860 Multis
578 2793 765 2860 instrulSlus
784 2815 870 2871 sum,
888 2797 979 2880 quod
999 2795 1167 2873 Gentiles,
1185 2799 1241 2882 qui
1260 2818 1372 2862 mora·

250 2903 324 2958 tam
346 2901 492 2974 egerunt
515 2893 635 2967 vitam,
660 2911 699 2954 ac
729 2891 763 2954 in
787 2891 985 2956 obedientia
1012 2901 1049 2955 et
1079 2892 1371 2970 subordinatione,

250 2990 351 3071 inque
374 2986 545 3050 charitate
572 2995 692 3050 mutua
716 2986 904 3050 secundum
934 3005 1032 3050 suum
1054 2986 1252 3068 religiosum
1275 2989 1372 3052 vixe-

250 3091 340 3156 runt,
365 3089 401 3144 et
431 3079 510 3144 inde
539 3079 667 3164 aliquid
697 3081 930 3147 conscientiae
959 3092 1174 3166 receperunt,
1198 3083 1232 3146 in
1262 3083 1372 3148 altera

251 3165 322 3240 ¹vita
341 3176 476 3258 accepti
494 3175 575 3251 sint,
596 3195 635 3238 ae
659 3175 705 3238 ibi
728 3194 806 3239 cum
826 3175 977 3240 sollicita
995 3195 1076 3240 cura
1098 3177 1142 3240 ab
1164 3177 1298 3259 angelis
1320 3179 1371 3241 in·

251 3281 429 3336 struantur
446 3271 480 3334 in
500 3270 600 3334 bonis
618 3281 654 3336 et
674 3271 762 3334 veris
782 3269 881 3348 fidei;
906 3281 942 3335 et
960 3272 1052 3354 quod
1071 3271 1130 3347 illi,
1151 3293 1228 3336 cum
1244 3273 1371 3338 instru-

251 3377 362 3440 untur,
387 3365 558 3440 modeste,
583 3365 834 3446 intelligenter,
859 3375 895 3429 et
918 3367 1093 3450 sapienter
1116 3387 1153 3430 se
1175 3377 1310 3448 gerant,
1335 3377 1371 3432 et

250 3459 347 3524 facile
364 3481 444 3524 vera
459 3461 628 3543 recipiant
645 3469 680 3524 et
697 3459 764 3524 illis
780 3461 995 3539 imbuantur;
1019 3461 1113 3524 nulla
1125 3463 1229 3525 etiam
1246 3463 1370 3544 princi·

251 3555 305 3636 pia
320 3553 395 3617 salsi
411 3564 534 3618 contra
549 3574 631 3616 vera
647 3553 724 3616 fidei
743 3554 807 3616 sibi
823 3553 1024 3630 formarunt,
1038 3575 1125 3637 quae
1141 3555 1368 3632 discutienda,

250 3650 359 3712 minus
378 3648 542 3711 scandala
562 3658 685 3710 contra
704 3647 901 3722 Dominum,
921 3648 1010 3711 sicut
1033 3648 1147 3730 plures
1171 3647 1367 3726 Christiani,

249 3744 304 3826 qui
320 3763 389 3806 non
405 3742 508 3806 aliam
524 3743 634 3804 ideam
653 3742 695 3804 de
713 3741 794 3824 Ipso
806 3761 908 3824 quam
920 3743 1007 3806 sicut
1024 3743 1066 3806 de
1082 3740 1214 3825 vulg'ari
1230 3743 1369 3810 homine

249 3837 365 3901 fovent
380 3859 388 3916 ;
412 3836 513 3901 aliter
526 3835 694 3911 Gentiles,
708 3836 855 3919 quicum
870 3837 1024 3910 audiunt,
1042 3838 1132 3920 quod
1145 3837 1238 3902 Deus
1252 3838 1369 3905 Homo

640 4081 689 4134 [(ιι
702 4091 799 4123 natm
809 4082 981 4136 caumont}

304 4195 366 4261 (nn)
393 4191 482 4264 Quod
500 4193 577 4246 inter
592 4193 705 4246 bonum
723 4202 756 4248 et
773 4209 879 4248 verum
892 4193 933 4250 sit
951 4192 1045 4250 instar
1062 4192 1196 4265 conjugii
1215 4195 1256 4264 (n.
1275 4195 1368 4267 1094[?

252 4261 659 4333 wmwffil

289 4333 391 4458 0ςέιιοά
405 4335 562 4416 bonumet
574 4349 677 4388 verum
691 4334 721 4388 in
734 4343 882 4420 perpetuo
894 4343 1005 4420 conatu
1019 4331 1242 4420 conjunctionis
1253 4335 1315 4391 sint
1336 4347 1367 4393 et

248 4419 288 4475 qu
342 4406 455 4458 bonum
468 4405 621 4459 desideret
632 4420 736 4460 verum
751 4415 783 4461 et
797 4421 864 4476 ejus
877 4403 1122 4476 conjunthonem
1139 4406 1180 4475 (n.
1196 4406 1274 4476 9206,
1285 4421 1366 4477 9207,

247 4477 339 4544 ml·
350 4544 464 4600 ornodo
475 4541 510 4599 fit
522 4543 697 4616 conjunttio
710 4546 823 4602 boniet
835 4546 907 4609 veri,
920 4556 952 4602 et
963 4546 1043 4618 apud
1056 4561 1132 4618 quos
1143 4547 1185 4615 (n.
1198 4547 1276 4616 3834.
1287 4547 1365 4620 3843.

247 4615 1259 4690 mmmmmmffimmmffi
