3350 5366
406 624 457 676 DE
479 621 621 674 TERTIO
644 619 766 674 STATU
790 619 953 672 HOMINIS
976 618 1068 672 POST
1092 619 1266 671 MORTEM.
1336 622 1398 690 329

275 796 471 862 dinationes
486 796 520 858 in
536 813 662 878 genere
679 803 759 858 sunt
776 793 864 858 tales
877 793 1096 860 2-Anterius
1111 801 1191 858 sunt
1207 791 1256 856 illi
1272 792 1328 874 qui
1344 793 1395 856 in·

274 893 388 957 santes
407 891 533 956 mortui
551 900 642 965 sunt,
662 899 698 953 et
728 889 772 953 ad
795 899 948 954 aetatem
968 889 1112 971 primam
1135 886 1395 973 adolescentem

275 987 412 1051 educati
435 994 515 1050 sunt
539 985 572 1048 in
596 984 718 1063 caelo;
752 984 808 1066 qui
832 994 910 1066 post
937 984 1102 1047 infantiae
1124 1001 1240 1047 eorum
1264 991 1395 1048 statum

232 1083 235 1090 '
274 1080 365 1162 apud
382 1079 607 1154 educatrices,
628 1078 707 1141 illuc
727 1097 749 1142 a
771 1077 923 1140 Domino
941 1077 1095 1140 seruntur
1112 1086 1148 1140 et
1171 1078 1393 1140 instruuntur.

273 1175 355 1238 Post
371 1174 448 1238 illos
465 1183 544 1238 sunt
559 1173 636 1237 loca
654 1174 710 1236 ubi
729 1173 941 1237 instruuntur
956 1173 1013 1254 qui
1032 1171 1141 1236 adulti
1161 1171 1286 1235 mortui
1302 1180 1392 1246 sunt,

274 1279 310 1334 et
329 1271 384 1352 qui
408 1270 442 1332 in
461 1269 590 1332 mundo
608 1269 642 1331 in
661 1266 840 1331 affectione
859 1267 930 1330 veri
953 1286 998 1330 ex
1021 1266 1115 1332 bono
1133 1269 1226 1330 vitae
1246 1265 1391 1330 suerunt.

271 1363 354 1428 Post
374 1363 454 1428 illos
477 1373 593 1428 autem
611 1372 691 1426 sunt
714 1364 770 1446 qui
793 1361 1068 1426 Mahumedanae
1087 1361 1244 1444 religioni
1266 1358 1393 1426 addidti
1434 1391 1435 1396 ¹

269 1458 415 1534 luerunt,
436 1469 473 1523 et
492 1459 525 1520 in
545 1457 676 1520 mundo
695 1457 861 1520 moralem
877 1457 985 1520 vitam
1005 1466 1162 1538 egerunt,
1180 1475 1220 1520 ac
1238 1475 1392 1551 agnoge-

272 1562 352 1616 runt
372 1571 475 1615 unum
495 1551 669 1625 Divinum,
689 1560 725 1614 et
749 1549 934 1614 Dominum
959 1562 997 1615 ut
1021 1552 1136 1633 Ipsum
1161 1551 1392 1632 Prophetam3

269 1647 325 1728 qui
341 1663 419 1710 cum
432 1645 599 1709 recedunt
615 1665 636 1707 a
651 1643 870 1720 Mahumede,
884 1646 963 1726 quia
976 1643 1059 1707 nihil
1076 1645 1150 1726 opis
1162 1644 1248 1708 serre
1261 1653 1390 1725 potest,

271 1741 441 1804 accedunt
456 1739 500 1802 ad
517 1739 713 1814 Dominum,
727 1749 763 1802 et
780 1738 896 1822 Ipsum
909 1739 1040 1813 colunt,
1053 1748 1089 1802 et
1106 1738 1266 1802 Divinum
1281 1738 1391 1819 Ipsius

270 1845 476 1917 agnoscunt,
505 1844 541 1898 et
571 1844 654 1898 tunc
684 1834 899 1898 instruuntur
929 1835 963 1897 in
992 1833 1158 1914 religione
1182 1832 1388 1896 Christiana.

269 1929 351 1992 Post
370 1929 445 2004 hos,
467 1930 577 2010 magis
595 1927 639 1992 ad
658 1929 943 2011 septentrionem,
962 1938 1042 1992 sunt
1061 1929 1139 1992 loca
1156 1926 1389 1992 instrudtionis

266 2025 435 2087 variarum
455 2022 628 2097 Gentium,
647 2041 734 2106 quae
757 2025 790 2086 in
810 2024 938 2087 mundo
957 2024 1084 2087 bonam
1102 2024 1209 2086 vitam
1229 2023 1388 2104 religioni

267 2137 349 2182 suae
373 2119 584 2182 conformem
611 2118 784 2194 vixerunt,
808 2127 845 2182 et
874 2119 1025 2201 speciem
1049 2119 1282 2182 conscientiae
1308 2119 1387 2182 inde

267 2223 458 2288 traxerunt,
478 2233 518 2276 ac
538 2212 667 2294 justum
690 2223 727 2276 et
750 2211 880 2276 redtum
903 2222 1059 2294 egerunt,
1081 2232 1149 2276 non
1171 2213 1222 2276 ita
1245 2221 1387 2294 propter

266 2307 362 2389 leges
385 2308 560 2388 regiminis
583 2327 712 2382 eorum,
733 2308 795 2372 sed
818 2317 959 2391 propter
978 2307 1074 2389 leges
1097 2306 1282 2388 religionis,
1302 2327 1387 2390 quas

265 2403 484 2468 crediderunt
503 2400 621 2466 sandie
637 2403 882 2478 observandas,
899 2423 940 2466 ac
959 2402 1054 2466 nullo
1075 2403 1180 2466 modo
1197 2399 1294 2468 sactis
1313 2403 1385 2466 vio·

265 2495 407 2562 landas:
443 2515 564 2560 omnes
593 2497 627 2560 hi
655 2497 699 2560 ad
729 2498 988 2578 agnoscendum
1018 2497 1215 2573 Dominum,
1245 2499 1386 2580 quando
1467 2498 1469 2502 ’

263 2589 419 2656 instructi
438 2601 529 2667 sunt,
549 2593 781 2672 perducuntur
797 2591 906 2666 facile,
926 2593 1004 2674 quia
1026 2592 1130 2656 corde
1149 2602 1274 2674 gerunt
1292 2593 1385 2674 quod

265 2686 358 2752 Deus
380 2707 450 2751 non
468 2686 647 2750 invisibilis
670 2688 726 2762 sit,
746 2687 809 2750 sed
831 2687 974 2750 visibilis
992 2687 1056 2750 sub
1075 2686 1237 2750 Humana
1254 2687 1385 2752 format

263 2781 297 2846 hi
324 2783 473 2865 reliquos
500 2799 641 2845 numero
670 2781 848 2846 excedunt
863 2801 873 2860 ς
908 2781 1044 2846 illorum
1074 2782 1196 2864 optimi
1225 2791 1306 2846 sunt
1336 2803 1383 2848 ex

264 2875 394 2941 Africa.

325 2984 420 3056 515.
450 2969 519 3034 Sed
542 2989 663 3034 omnes
686 2989 755 3034 non
779 2969 881 3034 simili
904 2970 1009 3035 modo
1030 2971 1255 3047 instruuntur,
1275 2991 1340 3036 nee
1361 2991 1384 3038 a

262 3066 429 3130 similibus
452 3065 679 3129 societatibus
702 3065 799 3130 caeli.
844 3065 900 3128 llli
923 3067 979 3148 qui
1009 3065 1053 3130 ab
1079 3065 1223 3130 infantia
1244 3066 1382 3130 educati

262 3163 390 3224 sunt-in
410 3160 520 3237 eae10‚
540 3161 752 3223 instruuntur
769 3160 814 3223 ab
832 3159 964 3242 angelis
980 3160 1179 3224 interiorum
1194 3160 1379 3238 caelorum,

261 3257 420 3340 quoniam
451 3273 520 3318 non
549 3254 634 3318 falsa
662 3255 870 3318 imbiberunt
899 3273 946 3318 ex
979 3254 1072 3319 salsis
1098 3255 1284 3336 religionis,
1315 3275 1379 3320 nec

260 3353 367 3414 vitam
383 3341 494 3414 ‘snam
523 3350 735 3430 spiritualem
766 3349 1029 3432 inquinaverunt
1059 3351 1303 3413 crassamentis
1333 3371 1379 3414 ex

259 3444 446 3508 honoribus
468 3453 505 3508 et
527 3443 656 3507 divitiis
677 3445 711 3506 in
736 3444 875 3507 mundo.
920 3443 988 3525 Qui
1009 3443 1119 3509 adulti
1138 3444 1263 3508 mortui
1286 3455 1377 3519 sunt,

259 3539 411 3623 plerique
426 3541 641 3602 instruuntur
658 3540 703 3602 ab
721 3537 854 3620 angelis
872 3537 984 3602 ultimi
999 3537 1096 3614 caeli,
1113 3539 1192 3620 quia
1209 3538 1245 3604 hi
1263 3539 1379 3620 angeli

258 3625 590 3698 accommodatiores
608 3633 675 3696 illis
694 3643 772 3696 sunt
791 3651 893 3715 quarn
911 3633 1027 3714 angeli
1045 3633 1244 3698 interiorum
1263 3633 1378 3700 caelo·

259 3749 355 3807 rum3
390 3747 469 3792 nam
496 3729 531 3792 hi
560 3729 594 3791 in
621 3725 782 3790 interiore
805 3728 975 3809 sapientia
1003 3737 1094 3802 sunt,
1114 3746 1201 3809 quae
1226 3729 1398 3794 nondum·

257 3824 428 3905 recipitur.
474 3823 717 3886 Mahumedani
729 3843 811 3886 vero
826 3823 870 3886 ab
885 3822 1018 3904 angelis
1030 3824 1087 3906 qui
1103 3823 1194 3904 prius
1208 3823 1242 3886 in
1255 3824 1377 3890 eadem

258 3917 423 4000 religione
456 3917 600 3992 fuerant,
629 3926 665 3982 et
695 3917 851 3980 conversi
878 3917 922 3982 ad
952 3916 1193 3983 Christianam.
1244 3916 1377 3983 Gentes

258 4033 392 4096 quoque
410 4032 433 4078 a
448 4013 519 4076 suis
537 4011 681 4094 angelis.

319 4108 420 4190 516.
449 4105 571 4171 Omnis
593 4103 773 4170 instrudtio
794 4107 840 4170 ibi
872 4105 910 4172 fit
944 4127 990 4171 ex
1022 4105 1180 4172 dod'trina
1209 4128 1297 4190 quae
1327 4128 1375 4173 ex

257 4203 386 4278 Verbo,
407 4211 443 4266 et
462 4221 531 4266 non
550 4223 595 4266 ex
615 4201 733 4268 Verbo
752 4203 881 4286 absque
901 4201 1067 4267 dodrina.
1113 4201 1298 4266 Christiani
1321 4203 1374 4266 in-

256 4309 432 4362 struuntur
464 4318 509 4360 ex
539 4293 696 4360 dodtrina
724 4295 877 4372 caelesti,
905 4318 991 4378 quae
1019 4317 1157 4378 prorsus
1183 4295 1374 4362 concordat

256 4409 333 4455 cum
367 4393 504 4456 interno
529 4411 631 4456 sensu
655 4390 773 4454 Verbi.
819 4391 965 4473 Reliqui,
985 4402 1022 4455 ut
1056 4391 1311 4467 Mahumedani,
1336 4402 1371 4456 et

256 4487 399 4562 Gentes,
429 4507 473 4550 ex
505 4483 669 4550 dodtrinis
700 4487 816 4568 captui
847 4505 964 4550 eorum
997 4485 1210 4570 adaequatis,
1239 4507 1325 4569 quae
1352 4505 1373 4549 a

255 4579 410 4645 dodlrina
436 4577 579 4645 caelesti
598 4581 710 4672 'modo
736 4579 894 4644 differunt
925 4581 957 4643 in
988 4601 1041 4658 eo,
1068 4581 1160 4664 quod
1187 4583 1372 4666 spiritualis
