3408 5358
600 685 652 736 DE
678 685 946 738 IMMENSITATE
967 686 1094 748 cnm.
1351 683 1410 740 201

290 849 377 936 123),
397 860 434 918 et
453 872 514 935 per
535 852 570 918 id
592 851 675 918 lacit
695 863 733 918 ut
753 874 856 920 unum
875 856 945 920 sint
974 855 1009 920 in
1039 854 1094 922 Se.
1140 853 1242 939 Quod
1266 856 1413 940 plurium

285 951 495 1015 unanimitas
518 959 554 1016 et
584 952 780 1028 concordia,
803 951 969 1034 imprimis
992 975 1038 1018 ex
1069 953 1131 1018 tali
1154 955 1296 1036 origine,
1317 964 1353 1020 et
1376 956 1412 1018 in

285 1046 347 1110 tali
370 1047 520 1124 vinculo,
545 1045 791 1131 perfectionem
818 1050 997 1131 producat,
1022 1051 1164 1135 quisque
1197 1071 1243 1116 ex
1275 1054 1411 1118 ratione

284 1143 498 1228 aliquantum
517 1145 694 1210 illustrata
712 1147 904 1229 perspicere
924 1155 1055 1230 potest.

345 1256 446 1324 419.
477 1242 607 1307 Datum
620 1243 727 1308 etiam
744 1253 798 1307 est
815 1244 933 1308 videre
948 1245 1192 1310 extensionem
1209 1244 1296 1310 caeli
1311 1245 1409 1310 habi·

283 1339 361 1414 tati,
381 1348 418 1402 et
437 1359 572 1422 quoque
591 1359 661 1404 non
679 1339 852 1420 habitatl3
882 1350 919 1406 et
941 1342 1011 1406 vidi
1030 1343 1121 1424 quod
1140 1343 1303 1408 extensio
1322 1342 1409 1408 caeli

283 1455 353 1499 non
373 1435 520 1500 habitati
540 1446 641 1501 tanta
662 1447 767 1514 esset,
787 1447 826 1502 ut
853 1457 924 1502 non
947 1439 1082 1521 impleri
1101 1441 1211 1522 possit
1234 1441 1269 1504 in
1293 1449 1408 1504 aeter·

283 1552 375 1609 num,
395 1534 423 1597 si
442 1533 497 1598 vel
517 1534 682 1598 darentur
699 1533 814 1617 plures
833 1537 1005 1616 myriades
1021 1536 1195 1612 tellurum,
1213 1546 1249 1600 et
1269 1537 1304 1600 in
1323 1558 1407 1620 qua-

282 1631 368 1694 libet
386 1631 509 1695 tellure
528 1641 631 1695 tanta
649 1631 837 1696 multitudo
858 1633 1047 1710 hominurn,
1067 1645 1197 1716 quanta
1218 1635 1252 1698 in
1277 1645 1405 1699 nostra.

284 1727 354 1810 (De
384 1749 451 1812 qua
480 1749 517 1793 re
547 1730 653 1792 etiam
681 1729 838 1794 videatur
864 1730 899 1793 in
928 1730 1107 1813 opusculo,
1133 1731 1186 1794 De
1217 1731 1406 1796 Tellun'bus

281 1825 317 1888 in
340 1825 513 1901 Universa,
533 1847 565 1888 n.
589 1824 674 1908 168.)

343 1938 444 2006 400.
476 1921 579 2004 Quod
602 1923 735 1987 caelum
759 1943 828 1988 non
852 1925 1056 1989 immensum
1083 1926 1140 2000 sit,
1163 1924 1225 1988 sed
1249 1945 1402 2007 parvum,

281 2021 465 2103 opinantur
484 2021 624 2103 quidam
647 2041 692 2084 ex
716 2022 884 2103 aliquibus
907 2022 993 2086 locis
1015 2023 1049 2085 in
1073 2021 1191 2086 Verbo
1215 2023 1404 2087 secundum

280 2137 418 2182 sensum
441 2116 512 2199 ejus
536 2118 674 2182 litterae
697 2117 904 2183 intellectis:
940 2129 978 2183 ut
1009 2139 1054 2183 ex
1084 2119 1151 2183 illis
1181 2119 1237 2183 ubi
1267 2120 1402 2197 dicitur,

279 2215 371 2297 quod
388 2216 422 2278 in
439 2215 571 2279 caelum
588 2215 693 2278 modo
708 2235 875 2298 pauperes
888 2217 1115 2298 recipiantur;
1139 2226 1213 2280 tum
1226 2217 1317 2298 quod
1335 2238 1403 2281 non

279 2313 344 2375 nisi
366 2333 467 2394 quam
491 2310 615 2391 clecti3
649 2321 685 2376 et
709 2313 800 2395 quod
824 2313 935 2376 solum
959 2314 1015 2395 qui
1038 2313 1128 2376 intra
1151 2313 1345 2389 ecclesiam,
1366 2325 1403 2379 et

279 2429 348 2472 non
367 2411 424 2492 qui
443 2420 565 2488 extra;
589 2409 681 2492 quod
697 2409 808 2472 solum
827 2409 887 2485 illi,
901 2431 964 2493 pro
982 2411 1103 2492 quibus
1116 2410 1282 2474 Dominus
1296 2411 1402 2476 inter·

278 2508 393 2586 cedit;
417 2506 508 2590 quod
522 2506 655 2570 caelum
672 2506 872 2570 occludatur
888 2527 966 2570 cum
983 2507 1163 2589 impletum
1179 2517 1244 2582 est,
1259 2516 1294 2571 et
1310 2509 1401 2590 quod

278 2604 344 2668 hoc
375 2613 513 2685 tempus
543 2603 758 2685 praefinitum
789 2604 844 2667 sit.
890 2602 958 2668 Sed
992 2604 1041 2667 illi
1069 2624 1138 2668 non
1166 2605 1279 2668 sciunt
1309 2607 1402 2687 quod

277 2701 411 2766 caelum
431 2721 599 2784 nusquam
619 2701 809 2778 claudatur,
830 2711 867 2765 et
891 2701 982 2784 quod
1002 2721 1071 2765 non
1090 2702 1135 2765 sit
1153 2700 1292 2783 aliquod
1312 2713 1400 2766 tem·

277 2819 339 2880 pus
358 2795 586 2880 praefinitum,
607 2818 669 2863 nec
690 2797 875 2862 multitudo
894 2797 1055 2876 definita;
1080 2808 1116 2862 et
1135 2799 1226 2881 quod
1248 2797 1401 2863 “electi’'

276 2897 435 2960 dicantur
452 2898 509 2978 qui
528 2897 562 2958 in
580 2897 652 2959 vita
667 2897 749 2959 boni
765 2905 801 2960 et
816 2897 887 2960 veri
904 2905 983 2960 sunt
998 2892 1057 2974 ;(“)
1080 2905 1116 2960 et
1132 2896 1223 2977 quod
1243 2901 1399 2978 “paupe-

276 3014 330 3057 res
340 2993 355 3018 ''
374 2993 430 3075 qui
454 3013 521 3056 non
546 2995 580 3056 in
599 2993 854 3076 cognitionibus
874 2993 1009 3056 boniet
1032 2993 1104 3056 veri
1127 3003 1218 3067 sunt,
1238 3003 1274 3057 et
1294 3015 1400 3076 usque

276 3091 473 3154 desiderant
486 3091 562 3154 illas
575 3112 582 3169 ;
606 3090 640 3154 hi
653 3111 787 3173 quoque
800 3111 845 3152 ex
859 3090 1030 3154 desiderio
1041 3089 1101 3153 illo
1113 3100 1282 3153 vocantur
1294 3095 1313 3123 “
1322 3111 1398 3154 esu-

275 3185 475 3252 rientesff'tt)
520 3185 587 3270 Qui
604 3189 646 3252 de
660 3189 832 3271 parvitate
845 3187 931 3251 caeli
947 3207 993 3250 ex
1006 3207 1076 3252 non
1088 3185 1266 3251 intelledto
1278 3186 1398 3252 Verbo

275 3286 471 3368 opinionem
490 3294 666 3367 ceperunt,
687 3304 750 3348 nec
775 3286 888 3348 sciunt
911 3283 1013 3348 aliter
1031 3303 1133 3366 quam
1152 3285 1243 3366 quod
1263 3285 1398 3348 caelum

275 3383 320 3447 sit
342 3384 376 3446 in
399 3403 468 3446 uno
486 3382 577 3458 loco,
597 3382 654 3445 ubi
672 3391 865 3446 conventus
884 3383 1057 3446 omnium:
1082 3400 1158 3445 cum
1177 3391 1294 3444 tamen
1318 3401 1396 3446 cae·

662 3631 712 3684 [ίιι
725 3641 823 3673 1111011111
833 3631 1007 3684 mummi]

328 3756 391 3823 (aa)
419 3751 512 3809 Elecii
526 3753 608 3824 quod
621 3752 682 3807 sint
695 3752 745 3823 qui
760 3751 789 3805 in
802 3749 866 3806 vita
878 3751 949 3806 boni
963 3761 993 3806 et
1005 3751 1067 3806 veri
1083 3752 1123 3820 (n.
1137 3762 1187 3819 375
1192 3762 1214 3820 5,
1229 3751 1324 3819 3900).

327 3823 416 3949 (Iiuod
432 3841 492 3880 non
505 3825 546 3879 sit
559 3821 667 3879 electio
680 3833 711 3878 et
724 3823 857 3892 receptio
870 3823 900 3876 in
913 3821 1029 3876 caelum
1043 3837 1080 3876 ex
1094 3821 1396 3884 Μ100110011111,010111

274 3897 337 3952 inte
349 3895 458 3968 ligitur,
472 3896 525 3950 sed
540 3895 705 3950 secundum
718 3893 812 3947 vitam
827 3895 868 3962 (n.
884 3905 959 3962 5057,
975 3891 1064 3962 5058).

326 3965 415 4038 Quod
437 3965 645 4021 Misericordia
661 3964 782 4019 Domini
799 3963 974 4018 immediata
990 3979 1050 4018 non
1066 3963 1162 4026 detur,
1178 3963 1231 4016 sed
1247 3962 1394 4026 mediam

273 4039 331 4094 boc
343 4048 398 4100 est,
410 4037 468 4092 illis
480 4037 532 4108 qui
545 4036 653 4091 vivunt
665 4035 829 4090 secundum
844 4043 1004 4104 praecepta
1018 4033 1123 4104 Ipsius,
1136 4049 1213 4104 quos
1225 4049 1264 4088 ex
1278 4033 1396 4088 Miseri·

272 4109 376 4164 cordia
394 4108 478 4163 ducit
496 4107 640 4162 continue
661 4105 690 4160 in
711 4107 832 4168 mundo,
852 4115 883 4160 et
902 4115 1008 4176 postea
1030 4105 1059 4158 in
1081 4115 1237 4159 aeternum
1257 4106 1298 4173 (n.
1315 4103 1393 4170 8700,

275 4180 382 4249 10659).

327 4301 381 4369 (bb)
407 4297 497 4372 Quod
509 4305 585 4370 per“
594 4313 741 4370 pauperes
749 4297 764 4320 ''
773 4297 802 4351 in
811 4296 913 4351 Verbo
924 4295 1188 4367 intelliganturqui
1198 4294 1393 4366 spiritualiter

311 4387 418 4441 uperes
433 4381 512 4433 sunt,
528 4369 580 4442 qui
595 4380 666 4425 sunt
681 4369 732 4439 qui
749 4369 778 4423 in
796 4367 964 4439 ignorantia
978 4367 1049 4432 veri,
1062 4377 1093 4422 et
1104 4381 1200 4437 usque
1219 4365 1392 4420 desiderant

273 4441 378 4498 instrui
392 4443 434 4509 (n.
446 4457 525 4510 9209,
538 4453 617 4510 9253,
633 4440 739 4507 10227).

325 4511 414 4584 Quod
434 4513 472 4567 de
492 4512 551 4567 illis
566 4513 684 4566 dicatur
696 4509 831 4564 “esurire
841 4508 857 4528 '’
870 4518 900 4563 et
917 4507 1051 4568 “sitire”
1063 4507 1144 4577 quod
1161 4517 1207 4562 est
1222 4507 1391 4562 desiderare

270 4583 461 4715 qognitigones
473 4583 545 4722 bqoi
557 4593 588 4638 et
600 4579 671 4644 veri,
683 4595 735 4650 per
744 4595 818 4652 quas
829 4575 1013 4634 introdudlio
1026 4578 1056 4632 in
1066 4577 1221 4632 ecclesiam
1231 4588 1262 4632 et
1275 4578 1389 4632 caelum

287 4672 313 4710 n.
327 4667 379 4723 495
399 4695 406 4718 ,
423 4667 506 4720 10007
523 4695 529 4709 .
