3382 5358
475 657 527 708 DE
550 656 755 708 SAPIENTIA
779 657 1020 709 ANGELORUM
1043 657 1169 708 CAELI.
1344 659 1400 728 155
1494 700 1498 709 .

280 829 386 895 homo
403 849 424 894 e
442 847 533 894 novo
551 829 754 912 concipitur,
771 828 805 892 in
824 837 924 892 utero
939 828 1036 913 quasi
1051 839 1219 912 gestatur,
1237 830 1402 904 nascitur,

280 924 462 1001 adolescit,
482 933 518 988 et
548 925 740 990 successive
763 923 956 1007 perficitur3
990 925 1079 988 dixit
1110 925 1199 1007 quod
1231 926 1402 1008 potuisset

281 1040 459 1086 numerum
482 1039 684 1084 arcanorum
708 1021 881 1105 usquead
904 1021 1037 1102 aliquot
1061 1021 1168 1085 millia
1191 1041 1336 1103 augere3
1368 1030 1404 1085 et

280 1117 371 1200 quod
395 1116 455 1180 illa
477 1135 564 1198 quae
583 1114 677 1180 dieta
699 1125 779 1180 sunt
798 1116 909 1181 solum
933 1125 1051 1180 essent
1075 1116 1118 1180 de
1140 1118 1404 1198 regeneratione

281 1211 418 1274 externi
440 1211 599 1286 hominis,
624 1221 660 1275 et
690 1211 781 1294 quod
808 1211 1069 1274 innumerabilia
1095 1209 1193 1292 plura
1221 1211 1333 1276 iorent
1361 1213 1404 1277 de

280 1307 545 1388 regeneratione
563 1307 700 1370 interni.
746 1305 803 1369 Ex
826 1305 879 1369 his
905 1314 940 1369 et
962 1306 1128 1370 similibus
1151 1306 1227 1370 allis
1249 1327 1337 1390 quae
1360 1308 1404 1372 ab

280 1402 413 1482 angelis
429 1402 546 1466 audita
569 1410 661 1477 sunt,
682 1401 796 1484 patuit
820 1401 903 1464 mihi
927 1409 1056 1484 quanta
1078 1399 1146 1463 illis
1169 1402 1350 1483 sapientia,
1368 1412 1405 1466 et

280 1493 471 1577 respedtive
490 1506 622 1580 quanta
644 1497 842 1580 ignorantia
868 1495 999 1560 homini
1026 1493 1109 1579 ¹¹¹qui
1139 1497 1199 1560 vix
1228 1498 1294 1562 scit
1324 1497 1405 1580 quid

280 1591 509 1672 regeneratio,
530 1603 567 1656 et
587 1611 655 1655 non
676 1591 743 1656 scit
762 1591 903 1674 aliquod
920 1601 1134 1655 momentum
1153 1593 1404 1674 progressionis

280 1706 357 1750 cum
376 1696 610 1770 regeneratur.

343 1793 440 1864 ηε).
471 1782 525 1847 De
551 1783 722 1866 sapientia
744 1782 947 1864 angelorum
971 1783 1064 1846 tertii
1088 1803 1148 1846 seu
1170 1781 1283 1846 intimi
1306 1783 1403 1858 caeli,

280 1886 316 1941 et
339 1887 507 1961 quantum
531 1877 593 1942 illa
615 1878 756 1941 excedit
776 1879 982 1959 sapientiam
1001 1877 1203 1959 angelorum
1223 1879 1322 1960 primi
1345 1899 1405 1942 seu

281 1972 393 2037 ultimi
426 1973 525 2048 caeli,
557 1992 646 2036 nunc
681 1973 824 2037 dicetur.
869 1972 1048 2055 Sapientia
1078 1973 1279 2054 angelorum
1311 1975 1405 2038 tertii

280 2088 341 2132 seu
363 2069 477 2132 intimi
500 2068 587 2132 caeli
610 2077 664 2132 est
688 2067 1056 2149 incomprehensibilis,
1077 2069 1183 2131 etiam
1203 2068 1269 2131 illis
1292 2069 1348 2151 qui
1371 2070 1404 2132 in

280 2163 404 2228 ultimo
427 2163 526 2228 caelo
549 2173 640 2227 sunt.
686 2163 799 2228 Causa
822 2173 888 2237 est,
913 2163 991 2244 quia
1017 2163 1180 2226 interiora
1202 2164 1404 2245 angelorum

280 2260 373 2323 tertii
390 2259 477 2323 caeli
493 2259 536 2322 ad
553 2259 694 2322 tertium
712 2257 856 2340 gradum
873 2265 992 2340 aperta
1008 2268 1099 2331 sunt,
1111 2257 1273 2320 interiora
1289 2269 1404 2322 autem

281 2351 485 2435 angelorum
497 2353 596 2436 primi
612 2351 700 2416 caeli
713 2352 817 2415 modo
833 2352 876 2414 ad
894 2352 1040 2432 primum
1053 2351 1196 2432 gradum
1210 2373 1217 2429 ;
1241 2361 1277 2416 et
1293 2354 1405 2415 omnis

280 2449 451 2531 sapientia
473 2449 596 2512 crescit
620 2467 738 2512 versus
761 2447 936 2521 interiora,
961 2455 997 2509 et
1020 2444 1193 2528 perficitur
1215 2447 1404 2510 secundum

280 2543 507 2626 aperitionem
518 2561 635 2606 eorum
650 2540 697 2624 (n.
711 2543 783 2616 208,
798 2539 887 2623 267).
932 2538 1021 2622 Quia
1031 2541 1192 2604 interiora
1203 2540 1404 2622 angelorum

280 2639 375 2703 tertii
394 2658 453 2702 seu
471 2639 583 2702 intimi
600 2637 686 2701 caeli
705 2636 749 2700 ad
768 2637 911 2700 tertium
926 2635 1070 2717 gradum
1083 2644 1204 2716 aperta
1220 2645 1309 2712 sunt,
1326 2635 1405 2699 ideo
1512 2659 1514 2662 ·

279 2743 359 2798 sunt
379 2733 445 2796 illis
461 2753 542 2796 vera
559 2733 685 2796 Divina
703 2731 801 2814 quasi
819 2731 1007 2813 inscripta3
1032 2749 1111 2793 nam
1128 2731 1291 2793 interiora
1310 2731 1404 2794 tertii

280 2831 419 2911 gradus,
433 2847 514 2910 prae
530 2827 749 2892 interioribus
765 2825 906 2890 secundi
926 2835 962 2888 et
981 2825 1079 2907 primi
1095 2825 1232 2906 gradus,
1247 2827 1279 2888 in
1296 2825 1404 2888 forma

280 2924 367 2989 caeli
384 2932 473 3000 sunt,
494 2933 530 2987 et
553 2921 662 2986 iorma
681 2921 768 2986 caeli
792 2930 846 2984 est
869 2941 915 2986 ex
939 2919 1065 2983 Divino
1084 2919 1190 2994 Vero,
1210 2921 1259 2984 ita
1282 2940 1403 2984 secun-

280 3021 361 3084 dum
373 3020 534 3083 Divinam
545 3017 758 3102 Sapientiam
770 3038 778 3094 ;
798 3017 879 3079 inde
891 3025 957 3091 est,
971 3016 1063 3097 quod
1077 3014 1143 3078 illis
1154 3015 1286 3096 angelis
1299 3035 1403 3096 appa·

279 3123 377 3179 reant
389 3115 515 3178 Divina
527 3113 620 3178 Vera
634 3114 721 3177 sicut
734 3113 909 3192 inscripta,
924 3119 981 3173 aut
993 3111 1080 3172 sicut
1093 3111 1197 3172 insita
1212 3121 1248 3173 et
1264 3111 1402 3174 innata:

280 3219 489 3292 quapropter
504 3208 563 3284 illi,
578 3217 614 3271 ut
629 3209 774 3290 primurn
787 3207 929 3269 audiunt
943 3206 1091 3287 genuina
1103 3225 1184 3267 vera
1197 3204 1332 3280 Divina,
1347 3203 1406 3269 illa

280 3306 400 3369 statim
416 3314 612 3387 agnoscunt
629 3313 664 3367 et
681 3303 885 3385 percipiunt,
903 3311 939 3364 et
959 3309 1082 3382 postea
1097 3300 1193 3382 quasi
1210 3300 1329 3363 vident
1345 3298 1405 3364 illa

280 3400 372 3464 intus
388 3401 421 3463 in
438 3421 485 3464 se.
531 3398 621 3482 Quia
632 3398 720 3462 tales
730 3406 810 3462 sunt
826 3395 942 3478 angeli
954 3395 1043 3458 illius
1055 3393 1152 3468 caeli,
1167 3395 1245 3458 ideo
1257 3395 1300 3458 de
1315 3397 1405 3459 veris

281 3493 413 3558 Divinis
432 3513 599 3577 nusquam
616 3494 876 3567 ratiocinantur,
895 3491 1006 3554 minus
1025 3490 1069 3553 de
1088 3489 1203 3572 aliquo
1220 3509 1302 3554 vero
1321 3509 1403 3554 con-

281 3599 477 3654 trovertunt
494 3609 573 3654 num
590 3591 639 3653 ita
657 3591 702 3652 sit
721 3587 777 3652 vel
793 3607 863 3652 non
879 3588 940 3660 ita,
958 3604 1021 3648 nec
1038 3585 1151 3648 sciunt
1167 3585 1248 3666 quid
1266 3585 1310 3649 sit
1329 3605 1403 3649 cre-

281 3683 361 3748 dere
391 3695 450 3748 aut
470 3683 573 3748 fidem
585 3684 735 3761 habere;
767 3684 886 3746 dicunt
913 3681 1014 3754 enim,
1041 3677 1161 3760 “Quid
1185 3679 1291 3742 fides?
1324 3699 1403 3744 nam

282 3779 433 3862 percipio
452 3789 488 3843 et
506 3780 608 3843 video
624 3779 716 3862 quod
735 3779 784 3842 ita
799 3775 873 3840 sit.”
910 3774 1090 3838 Illustrant
1109 3773 1174 3837 hoc
1192 3795 1252 3857 per
1265 3795 1402 3858 compa-

282 3874 411 3954 rativa;
436 3893 559 3956 nempe
579 3873 669 3956 quod
689 3873 722 3936 id
741 3873 829 3936 soret
848 3872 937 3934 sicut
952 3889 1056 3952 quum
1073 3869 1194 3951 aliquis
1213 3888 1290 3932 cum
1310 3872 1405 3934 socio

283 3969 379 4034 videt
409 3969 561 4046 domum,
585 3979 621 4034 et
651 3970 744 4032 varia
771 3969 804 4030 in
835 3965 894 4029 illa
922 3975 959 4028 et
989 3965 1115 4029 circum
1145 3964 1249 4039 illam,
1274 3966 1405 4030 diceret

283 4067 377 4129 socio
396 4066 486 4148 quod
506 4074 668 4147 oporteat
688 4063 827 4127 credere
846 4061 937 4143 quod
957 4062 1037 4135 sint,
1058 4070 1094 4123 et
1117 4060 1208 4141 quod
1228 4059 1312 4123 talia
1335 4061 1404 4124 sint

284 4161 371 4224 sicut
390 4161 497 4239 vidit;
521 4169 579 4224 aut
598 4161 686 4224 sicut
706 4160 779 4241 quis
798 4157 893 4220 videt
913 4155 1063 4230 hortum,
1084 4165 1119 4218 et
1142 4156 1187 4219 ibi
1207 4155 1346 4218 arbores
1369 4168 1405 4219 et

283 4253 421 4332 fruetus,
442 4266 478 4320 et
501 4255 632 4319 diceret
655 4255 761 4328 socio,
781 4252 875 4336 quod
898 4250 999 4315 fidem
1023 4250 1149 4314 habere
1168 4251 1295 4314 debeat
1314 4251 1405 4332 quod

284 4353 329 4415 sit
347 4351 480 4426 hortus,
498 4361 533 4414 et
550 4350 640 4434 quod
660 4351 728 4412 sint
747 4349 885 4412 arbores
905 4357 940 4411 et
959 4343 1096 4420 studius
1114 4364 1191 4408 cum
1210 4355 1327 4408 tamen
1346 4343 1406 4407 illa

284 4445 392 4510 oculis
422 4447 491 4509 suis
514 4445 606 4509 clare
630 4445 743 4508 videt:
775 4443 902 4506 exinde
925 4440 1091 4522 estquod
1115 4439 1230 4522 angeli
1253 4437 1301 4502 illi
1325 4458 1404 4500 nus·

285 4560 387 4625 quam
410 4541 590 4605 nominent
613 4538 727 4612 fidem,
748 4558 811 4601 nec
834 4537 983 4620 aliquam
1002 4534 1074 4616 ejus
1097 4535 1209 4598 ideam
1232 4531 1404 4610 habeant;

285 4645 494 4719 quapropter
513 4655 574 4698 nec
592 4633 842 4697 ratiocinantur
860 4631 902 4694 de
921 4631 1011 4694 veris
1030 4629 1173 4705 Divinis,
1191 4629 1302 4691 minus
1320 4645 1404 4692 con·
