3368 5356
262 607 304 682 ‘2⁸
593 629 645 680 uu
667 625 794 680 cneco
818 627 867 678 ur
890 624 1077 678 mesano.

260 800 455 878 descendit,
476 800 629 886 privatur
647 819 708 864 sua
730 799 913 884 sapientia,
933 798 1065 864 titubat
1082 817 1182 876 voce,
1201 805 1238 864 et
1261 797 1385 884 despe-

259 908 325 964 rat.
365 898 520 962 Fuerunt
532 897 671 981 quidam
684 917 730 960 ex
742 897 866 961 ultimo
878 893 988 972 caelo,
997 895 1053 978 qui
1066 895 1218 959 nondum
1228 891 1386 961 instructi

260 1001 359 1060 erant
378 993 469 1078 quod
489 991 624 1056 caelum
643 993 851 1056 consisteret
871 993 905 1056 in
924 991 1144 1056 interioribus
1163 991 1290 1073 angeli,
1310 1009 1385 1056 cre·

259 1088 385 1155 dentes
403 1088 494 1173 quod
513 1089 547 1152 in
566 1089 776 1170 superiorem
792 1087 995 1152 felicitatem
1012 1085 1199 1150 caelestem
1214 1087 1384 1163 venirent,

260 1185 365 1250 modo
390 1184 425 1248 in
448 1181 582 1247 caelum
605 1182 662 1246 ubi
684 1181 734 1245 illi
756 1181 894 1264 angeli;
919 1181 1187 1266 permittebatur
1209 1183 1315 1246 etlam
1345 1191 1384 1246 ut

260 1279 303 1343 ad
332 1277 412 1342 illos
441 1279 623 1352 intrarent,
647 1286 684 1342 at
714 1293 791 1342 cum
815 1277 861 1341 ibi
890 1287 1001 1351 erant,
1026 1277 1197 1341 neminem
1221 1276 1385 1340 videbant

260 1383 433 1456 utcunque
468 1373 690 1456 inquirerent,
724 1372 866 1436 tametsi
902 1391 1031 1453 magna
1063 1371 1253 1436 multitudo
1288 1381 1383 1449 erat;

259 1469 469 1532 advenarum
488 1468 580 1531 enim
598 1468 763 1532 interiora
782 1487 850 1531 non
874 1477 996 1549 aperta
1014 1477 1113 1531 erant
1137 1467 1171 1530 in
1194 1465 1256 1531 tali
1274 1467 1384 1548 gradu

258 1563 293 1627 in
323 1583 392 1646 quo
420 1563 585 1627 interiora
603 1561 805 1644 angelorum
835 1563 892 1646 qui
921 1561 979 1636 ibi,
999 1561 1079 1626 inde
1110 1581 1173 1626 nec
1203 1563 1316 1641 visus;
1347 1571 1383 1626 et

259 1658 363 1740 paulo
393 1668 472 1740 post
502 1658 774 1740 corripiebantur
791 1677 922 1739 angore
946 1657 1070 1733 cordis,
1092 1677 1197 1741 usque
1227 1659 1317 1722 adeo
1345 1667 1384 1723 ut

259 1753 319 1816 vix
335 1753 462 1816 scirent
479 1771 559 1815 num
578 1753 613 1816 in
631 1754 705 1816 vita
721 1763 838 1816 essent
854 1751 910 1816 vel
927 1771 1019 1830 non;
1042 1762 1253 1836 quapropter
1268 1753 1384 1818 subito

258 1847 340 1912 inde
365 1868 403 1912 se
431 1847 653 1912 contulerunt
675 1847 720 1910 ad
750 1847 884 1911 caelum
908 1847 999 1911 unde
1025 1857 1135 1922 erant,
1159 1847 1268 1929 gavisi
1291 1849 1383 1932 quod

258 1943 349 2006 inter
358 1963 437 2007 suos
449 1943 628 2021 venirent3
648 1942 862 2024 spondentes
875 1943 966 2026 quod
980 1963 1049 2006 non
1061 1942 1206 2026 amplius
1217 1953 1383 2026 cuperent

259 2038 392 2114 altiora,
413 2057 516 2122 quam
539 2057 626 2120 quae
649 2039 742 2102 vitae
765 2057 881 2101 eorum
901 2037 1125 2102 concordant.
1170 2035 1253 2102 Vidi
1275 2039 1382 2104 etiam

258 2133 458 2199 demissose
476 2132 576 2197 caelo
591 2134 768 2214 superiori,
782 2143 819 2196 et
835 2133 987 2216 privatos
1003 2153 1064 2198 sua
1079 2133 1259 2217 sapientia,
1276 2154 1383 2218 usque

259 2239 298 2294 ut
328 2229 500 2293 nescirent
526 2227 626 2312 quale
655 2239 748 2292 esset
779 2247 875 2292 suum
906 2227 1049 2291 caelum.
1094 2227 1200 2293 Secus
1231 2227 1280 2304 fit,
1304 2247 1382 2293 cum

259 2324 427 2389 Dominus
449 2323 566 2388 elevat
589 2323 721 2408 aliquos
743 2343 788 2387 ex
812 2324 960 2388 inferiori
983 2317 1081 2388 caelo
1103 2325 1136 2387 in
1160 2325 1324 2407 superius,
1345 2333 1382 2390 ut

258 2420 399 2484 videant
418 2419 563 2501 gloriam
587 2419 643 2496 ibi,
663 2419 755 2502 quod
779 2417 817 2482 fit
840 2420 995 2501 saepius;
1029 2429 1112 2483 tunc
1136 2429 1383 2502 praeparantur

259 2517 414 2598 primum,
428 2525 464 2580 et
484 2516 656 2597 stipantur
671 2514 805 2597 angelis
820 2516 1033 2579 intermediis
1049 2535 1110 2598 per
1125 2537 1210 2600 quos
1226 2535 1380 2580 commu·

157 2688 158 2692 Ἰ
259 2611 396 2675 nicetio.
443 2610 500 2674 Ex
519 2610 572 2674 his
586 2616 690 2694 'patet
705 2610 797 2695 quod
816 2620 887 2675 tres
904 2610 953 2674 illi
969 2611 1056 2676 caeli
1074 2611 1164 2676 inter
1181 2631 1218 2676 se
1237 2611 1382 2676 distinc-

257 2707 380 2771 tissimi
399 2706 479 2770 sint.

321 2801 396 2882 36.
426 2799 494 2883 Qui
516 2809 632 2864 autem
662 2801 697 2864 in
726 2800 848 2864 eodem
879 2801 978 2866 caelo
1000 2811 1091 2878 sunt,
1115 2801 1165 2866 illi
1193 2801 1382 2866 consociari

259 2905 404 2980 possunt
427 2915 504 2960 cum
527 2895 784 2978 quibuscunque
807 2897 864 2973 ibi,
887 2906 924 2960 at
943 2897 1094 2980 jucunda
1116 2897 1382 2964 consociationis

258 3013 296 3057 se
318 2993 449 3056 habent
468 2991 655 3054 secundum
674 2991 861 3056 affinitates
880 2993 972 3068 boni,
992 2993 1026 3056 in
1049 2993 1170 3076 quibus
1188 3004 1288 3058 sunt:
1319 2994 1382 3058 sed

259 3087 302 3152 de
320 3087 373 3152 his
392 3089 425 3151 in
444 3086 668 3169 sequentibus
685 3087 847 3151 articulis.

321 3193 390 3264 37·
420 3181 550 3246 Verum
574 3183 714 3246 tametsi
737 3183 823 3246 caeli
846 3184 896 3246 ita
918 3180 1072 3247 distincti
1094 3192 1186 3260 sunt,
1207 3192 1244 3247 ut
1265 3181 1381 3266 angeli

259 3277 357 3341 unius
376 3276 463 3341 caeli
486 3297 555 3341 non
578 3279 709 3342 sociare
728 3267 862 3360 pbssint
881 3279 1124 3342 commercium
1147 3298 1224 3342 cum
1247 3279 1381 3360 angelis

259 3373 410 3449 alterius,
425 3393 530 3456 usque
547 3382 665 3436 tamen
682 3373 850 3436 Dominus
862 3373 1039 3456 conjungit
1052 3393 1172 3437 omnes
1188 3373 1304 3438 caelos
1320 3393 1382 3456 per

259 3469 424 3533 influxum
444 3468 679 3532 immediatum
699 3477 735 3532 et
758 3469 965 3547 mediatum;
997 3489 1057 3552 per
1075 3469 1239 3532 influxum
1259 3467 1380 3533 imme·

259 3565 390 3629 diatum
409 3585 454 3628 ex
478 3561 522 3628 Se
545 3563 579 3626 in
602 3584 723 3628 omnes
742 3563 869 3640 caelos,
890 3573 925 3628 et
949 3585 1009 3647 per
1031 3565 1221 3628 mediatum
1245 3565 1289 3628 ab
1312 3581 1381 3630 uno

258 3659 357 3724 caelo
378 3661 413 3722 in
432 3658 578 3722 alterum
591 3655 642 3738 ;l⁸⁸l
665 3659 767 3724 etsie
787 3659 902 3736 efficit,
923 3669 961 3724 ut
985 3669 1057 3723 tres
1074 3659 1161 3723 caeli
1179 3677 1283 3723 unum
1299 3661 1379 3738 sint,

257 3765 294 3820 et
316 3773 437 3818 omnes
459 3753 494 3817 in
518 3775 612 3818 nexu
633 3755 703 3819 sint
730 3775 751 3819 a
773 3755 885 3819 Primo
903 3755 947 3818 ad
970 3755 1139 3831 ultimum,
1163 3773 1275 3837 usque·
1291 3755 1380 3820 adeo

649 3994 968 4047 (ammaum

314 4107 364 4175 (ss)
384 4104 474 4180 Quod
497 4106 627 4162 influxus
647 4123 666 4162 a
689 4106 820 4162 Domino
836 4107 875 4162 sit
891 4107 1082 4163 immediatus
1104 4123 1123 4162 a
1144 4106 1190 4169 Se,
1210 4117 1241 4162 et
1259 4123 1380 4178 quoque

260 4177 410 4262 mediatus
425 4193 582 4264 perunum
596 4179 712 4232 caelum
732 4179 762 4232 in
781 4179 917 4240 alterum,
931 4188 962 4233 et
980 4179 1060 4250 apud
1077 4179 1229 4237 hominem
1243 4178 1382 4234 similiter

261 4265 291 4302 m
305 4248 677 4375 lllteellrllnaelllallcllnllrlrll
688 4249 1110 4390 gsiqqhssqtssffiosffisgbs&
1120 4319 1288 4387 6474-6478,
1302 4318 1381 4387 8717,

260 4389 361 4516 8fille
374 4461 505 4516 mediato
516 4460 629 4515 influxu
643 4477 696 4532 per
705 4462 851 4517 mundum
861 4461 1046 4533 spiritualem
1060 4461 1091 4516 ln
1104 4461 1251 4517 mundum
1262 4470 1383 4518 natura·

265 4531 324 4588 lem
340 4532 763 4604 (¹1·40⁶7·⁶9⁸²»⁶9⁸5·⁶99⁶)·
