3382 5358
287 601 345 684 176
601 611 652 663 nu
673 609 800 663 casto
823 610 871 660 ar
896 609 1077 660 suasano.

276 783 306 848 si
336 781 516 848 influerent
544 799 591 846 ex
616 801 678 845 sua
700 779 927 862 cogitatione,
951 777 1057 842 1101110
1080 797 1149 842 non
1176 775 1278 844 aliter
1299 775 1404 842 sciret

279 893 381 964 quarn
399 879 493 964 quod
512 899 599 962 quae
617 878 754 942 illorum
771 883 947 952 sunt,'sua
964 875 1079 941 forent
1098 875 1272 959 (videatur
1289 895 1403 958 suma,

278 997 311 1042 n.
332 976 432 1060 256);
459 977 520 1042 sed
540 995 645 1060 usque
664 995 725 1058 per
743 974 822 1040 illos
840 973 949 1040 influit
966 973 1055 1056 apud
1074 973 1249 1038 hominem
1268 993 1287 1038 a
1305 973 1405 1038 caelo

277 1073 412 1140 affectio
427 1095 516 1158 quae
535 1083 589 1138 est
608 1073 733 1138 amoris
748 1073 829 1136 boni
849 1082 886 1136 et
904 1073 986 1147 veri,
1003 1083 1041 1136 et
1058 1092 1104 1136 ex
1123 1071 1255 1136 inierno
1270 1069 1405 1136 affectio

276 1193 365 1256 quae
388 1182 443 1236 est
467 1172 593 1238 amoris
616 1171 698 1236 mali
726 1180 762 1236 et
792 1169 892 1248 lalsi;
924 1179 1091 1252 quantum
1114 1171 1231 1252 itaque
1254 1169 1404 1234 hominis

277 1265 414 1336 11116110
431 1269 623 1334 concordat
646 1287 724 1332 cum
747 1267 809 1332 illa
829 1287 918 1350 quae
940 1265 1061 1342 influit,
1082 1277 1221 1331 tanturn
1240 1269 1404 1350 recipitur

277 1368 322 1430 ab
341 1367 402 1432 illo
424 1369 458 1431 in
481 1388 544 1432 sua
561 1367 787 1448 cogitatione,
807 1383 887 1430 nam
906 1366 1050 1428 interior
1069 1365 1239 1448 cogitatio
1256 1365 1404 1430 hominis

277 1474 331 1528 est
349 1485 487 1548 prorsus
503 1464 691 1528 secundum
707 1461 779 1544 ejus
793 1459 1009 1528 affectionem
1026 1481 1085 1527 seu
1098 1481 1272 1540 amorem;
1295 1482 1403 1546 quan·

278 1572 351 1626 tum
375 1573 493 1628 autem
518 1582 587 1626 non
611 1561 817 1636 concordat,
842 1569 979 1624 tantum
1006 1579 1077 1624 non
1104 1561 1292 1642 recipitur:
1325 1560 1404 1625 inde

278 1669 389 1740 patet,
409 1661 489 1744 quia
506 1679 576 1724 non
595 1657 739 1724 insertur
758 1658 929 1741 cogitatio
946 1658 1038 1740 apud
1056 1657 1231 1722 hominem
1251 1677 1312 1740 per
1333 1659 1402 1741 spi·

277 1759 373 1833 ritus,
392 1758 452 1822 sed
469 1756 580 1821 solum
596 1753 731 1820 affectio
747 1755 829 1820 boni
844 1765 881 1820 et
900 1753 1036 1820 affectio
1054 1755 1146 1830 mali,
1163 1757 1254 1838 quod
1274 1756 1403 1820 homini

277 1852 477 1930 1111111110,
497 1855 576 1938 quia
595 1853 751 1928 liberum,
771 1855 822 1916 ita
840 1853 932 1936 quod
951 1854 1062 1936 possit
1082 1855 1299 1934 cogitatione
1317 1855 1403 1918 reci·

277 1973 359 2035 pere
377 1953 506 2016 bonum
529 1961 566 2016 et
589 1950 728 2033 rejicere
747 1950 898 2030 malum3
926 1970 1006 2015 nam
1025 1953 1092 2015 scit
1110 1951 1192 2034 quid
1216 1951 1343 2016 bonum
1366 1961 1402 2016 et

275 2049 359 2133 quid
378 2049 505 2114 malum
524 2070 570 2114 ex
587 2047 728 2114 Verbo:
752 2048 844 2130 quod
862 2049 985 2131 recipit
1001 2049 1218 2131 cogitatione
1236 2067 1282 2113 ex
1301 2048 1403 2114 affec·

277 2147 384 2224 tione,
404 2148 470 2212 ltoc
494 2147 600 2212 etiam
618 2147 859 2229 appropriatur
881 2147 924 2220 ei,
943 2147 1036 2229 quod
1055 2155 1172 2210 autem
1192 2165 1261 2211 non
1280 2147 1401 2230 recipit

276 2245 495 2327 cogitatione
517 2262 564 2308 ex
591 2241 873 2320 1111111011101
903 2263 972 2307 non
996 2245 1236 2326 appropriatur
1258 2245 1299 2308 ei.
1346 2244 1402 2307 Ex

276 2341 330 2406 lais
349 2351 510 2408 constare
526 2350 646 2424 potest
663 2341 773 2423 qualis
791 2351 846 2406 est
866 2341 1014 2405 influxus
1029 2341 1110 2405 boni
1129 2362 1148 2406 e
1167 2341 1275 2417 caelo,
1292 2359 1332 2406 ae
1351 2343 1402 2405 in·

276 2438 389 2504 fluxus
408 2439 489 2504 mali
508 2459 554 2505 ex
574 2438 706 2502 inferno
724 2439 815 2521 apud
833 2438 1019 2504 hominem.

339 2551 442 2616 199·
472 2536 601 2600 Datum
626 2537 733 2600 etiam
755 2545 811 2600 est
838 2537 936 2612 scire,
961 2537 1052 2601 unde
1075 2537 1206 2601 homini
1229 2537 1402 2608 anxietas,

276 2633 376 2699 dolor
394 2634 499 2697 animi
518 2653 558 2698 ac
579 2633 722 2697 tristitia
737 2634 878 2697 interior
896 2655 983 2717 quae
1003 2633 1233 2698 melancholia
1249 2645 1402 2698 vocetur.

277 2731 366 2796 Sunt
389 2731 530 2812 spiritus
557 2731 614 2814 qui
643 2730 796 2794 nondum
825 2731 859 2794 in
890 2728 1132 2812 conjunttione
1166 2749 1244 2796 cum
1270 2731 1403 2795 inferno

276 2839 369 2902 sunt,
386 2830 466 2910 quia
484 2827 596 2894 adhuc
615 2829 649 2892 in
668 2829 779 2910 primo
798 2847 860 2892 suo
875 2837 983 2904 statu,
1000 2829 1045 2892 de
1063 2828 1183 2912 quibus
1201 2829 1236 2892 ln
1255 2847 1402 2912 sequen·

277 2927 381 3000 tibus,
399 2925 457 2988 ubi
479 2925 524 2990 de
541 2925 674 2990 Mundo
697 2924 895 3007 Spirituum,
915 2925 1068 2990 dicetur:
1099 2925 1149 2989 illi
1171 2935 1292 2990 amant
1313 2927 1402 2990 indi-

277 3033 379 3106 gesta
401 3032 438 3087 et
469 3022 633 3105 maligna,
654 3022 768 3104 qualia
791 3031 870 3087 sunt
893 3023 1168 3088 sordescentium
1192 3023 1345 3088 ciborum
1368 3025 1402 3088 in

276 3119 492 3198 ventriculo;
526 3130 737 3203 quapropter
759 3121 887 3184 adsunt
910 3121 967 3184 ubi
990 3121 1075 3184 talia
1097 3121 1188 3204 apud
1215 3121 1401 3196 hominem,

276 3219 356 3301 quia
378 3217 438 3282 illa
462 3217 502 3281 iis
526 3227 606 3282 sunt
626 3215 787 3300 jucunda,
811 3237 851 3282 ac
875 3219 966 3284 inter
995 3239 1031 3282 se
1062 3239 1107 3283 ex
1137 3239 1199 3282 sua
1221 3215 1402 3284 affectione

277 3315 370 3379 mala
390 3315 437 3379 ibi
460 3315 657 3398 loquuntur.
701 3313 851 3379 Affefflo
870 3315 1030 3398 loquelae
1049 3334 1166 3380 eorum
1190 3316 1299 3381 iniluit
1321 3317 1402 3382 inde

277 3413 368 3496 apud
398 3413 585 3488 hominem,
614 3431 700 3496 quae
728 3411 862 3477 affectio
889 3413 917 3476 si
947 3415 1120 3478 contraria
1149 3423 1203 3478 est
1231 3411 1402 3479 affectioni

275 3510 436 3584 hominis,
454 3509 493 3574 fit
511 3511 543 3574 ei
562 3511 704 3574 tristitia
720 3517 756 3574 et
771 3512 933 3574 anxietas
945 3511 1217 3589 melanchollca;
1242 3513 1270 3575 sl
1286 3523 1401 3578 autem

276 3608 452 3682 convenit,
477 3605 515 3672 lit
545 3609 577 3672 ei
609 3605 744 3672 laetitia
777 3618 813 3672 et
847 3607 1013 3673 hilaritas.
1058 3607 1113 3674 Illi
1140 3609 1280 3692 spiritus
1300 3609 1402 3692 juxta

276 3703 505 3770 ventriculum
525 3715 714 3788 apparent3
739 3705 876 3789 quidam
900 3707 944 3772 ad
968 3707 1140 3772 sinistrum
1160 3707 1242 3788 ejus,
1262 3707 1401 3790 quidam

276 3801 320 3865 acl
336 3803 500 3867 dextrum
514 3801 606 3884 ejus3
631 3804 769 3886 quidam
785 3804 932 3880 inferius,
946 3805 1085 3887 quidam
1098 3807 1249 3887 superius
1264 3827 1272 3884 ;
1296 3807 1401 3869 etiam

277 3900 414 3982 propius
430 3909 467 3964 ct
483 3901 669 3979 remotius3
694 3902 743 3966 ita
755 3903 847 3968 varie
860 3903 1048 3966 secundum
1062 3899 1260 3984 affectiones
1277 3903 1310 3966 in
1326 3899 1400 3986 qui·

277 3997 339 4060 bus
361 4007 453 4062 sunt.
498 3995 600 4079 Quod
620 3999 699 4062 inde
716 4001 878 4064 anxietas
894 4001 997 4064 animi
1014 4001 1070 4076 sit,
1090 4021 1136 4064 ex
1155 4001 1242 4084 pluri
1262 4001 1400 4082 experi-

277 4094 371 4158 entia
386 4095 473 4159 scire
490 4105 526 4160 et
543 4093 735 4160 confirmari
751 4097 870 4160 datum
888 4108 942 4162 est
957 4119 965 4177 3
988 4099 1056 4162 vidi
1074 4097 1163 4172 illos,
1181 4095 1294 4162 audivi
1310 4095 1399 4170 illos,

277 4191 368 4256 sensi
392 4193 593 4258 anxietates
616 4193 660 4258 ab
683 4193 749 4259 illis
772 4195 944 4271 subortas,
966 4195 1102 4260 locutus
1125 4216 1199 4262 sum
1223 4195 1399 4267 cumillis,

277 4287 389 4356 abacti
405 4301 485 4356 sunt
501 4300 537 4356 et
555 4293 704 4356 cessavit
720 4293 894 4369 anxietas,
911 4293 1086 4358 redierunt
1105 4304 1140 4358 et
1159 4295 1262 4358 rediit
1280 4293 1401 4357 anxie-

278 4399 343 4461 tas,
367 4397 404 4452 et
427 4391 610 4472 appercepi
633 4391 885 4456 incrementum
909 4399 946 4456 et
969 4391 1228 4458 decrementum
1251 4391 1322 4474 ejus
1346 4411 1400 4454 se·

278 4485 426 4550 cundum
445 4507 561 4551 eorum
582 4489 950 4570 appropinquationem
970 4497 1007 4552 et
1030 4492 1269 4554 remotionem.
1315 4489 1401 4553 inde

278 4583 390 4664 patuit
410 4583 503 4660 mihi,
524 4585 614 4650 unde
638 4595 703 4658 est,
724 4585 814 4667 quod
839 4586 989 4667 quidam,
1011 4589 1066 4665 qui
1091 4607 1157 4650 non
1182 4589 1296 4651 sciunt
1320 4585 1400 4671 quid
