3382 5358
286 648 346 714 108
603 659 655 712 nn
678 659 804 712 casso
828 661 875 710 er
900 659 1082 712 rnnsnno.
1201 640 1203 646 ’

278 843 370 910 sunt,
390 841 428 898 ut
451 833 609 900 homines
627 832 691 897 visi
713 841 814 912 sunt3
842 833 1002 899 similiter
1023 833 1201 910 Dominus,
1221 833 1278 918 qui
1298 852 1404 902 omne

280 929 478 994 Humanum
497 947 595 993 suum
614 925 738 992 Secum
754 929 963 1012 assumpsit3
981 938 1020 995 et
1038 929 1117 1013 quia
1135 929 1292 994 homines
1310 941 1402 1008 sunt,

277 1025 369 1108 quod
389 1023 586 1088 mansiones
603 1033 640 1088 et
659 1023 859 1088 habitacula
877 1023 944 1088 illis
962 1025 1043 1102 sint,
1061 1033 1098 1088 et
1117 1043 1197 1102 non,
1214 1026 1403 1090 secundum

278 1119 493 1204 quorundam
522 1119 705 1195 inscitiam,
729 1123 832 1202 quam
855 1119 1030 1185 vocabant
1054 1120 1233 1198 insaniam,
1252 1120 1404 1186 volitent

278 1215 312 1278 in
328 1235 417 1292 aere,
435 1235 495 1278 seu
511 1215 603 1299 quod
619 1215 714 1278 venti
731 1215 873 1279 tametsi
889 1224 1057 1279 vocantur
1072 1216 1231 1299 spiritus:
1255 1223 1293 1280 et
1311 1217 1404 1299 quod

277 1309 343 1374 hoc
367 1329 492 1393 capere
511 1310 657 1393 possint,
677 1309 783 1374 modo
805 1320 909 1374 extra
931 1329 992 1373 sua
1014 1311 1180 1394 principia
1202 1311 1246 1375 de
1269 1311 1404 1393 angelis

277 1413 314 1468 et
330 1405 505 1486 spiritibus
520 1414 625 1488 capta
641 1406 813 1487 cogitent,
830 1405 922 1488 quod
941 1403 979 1469 fit
998 1423 1076 1470 cum
1093 1423 1163 1469 non
1179 1405 1213 1468 in
1228 1407 1403 1489 quaestio·

277 1519 357 1563 nem
380 1511 417 1564 et
440 1499 504 1562 sub
526 1499 778 1582 cogitationem
798 1498 963 1564 directam
984 1501 1139 1576 mittunt,
1160 1519 1239 1564 num
1260 1500 1310 1565 ita
1331 1501 1404 1576 sit,·

278 1603 333 1658 est
348 1593 441 1658 enim
453 1595 559 1658 cuivis
575 1595 654 1660 idea
666 1595 868 1671 communis,
882 1595 973 1678 quod
987 1594 1103 1678 angeli
1118 1596 1188 1659 sint
1204 1595 1238 1660 in
1254 1595 1404 1660 bumana

267 1689 397 1776 ¹lorma,
414 1699 451 1754 et
469 1689 561 1773 quod
580 1689 648 1754 illis
666 1690 736 1752 sint
752 1689 936 1765 domicilia,
954 1710 1042 1773 quae
1058 1698 1188 1754 vocant
1205 1689 1405 1754 habitacula

279 1783 378 1859 caeli,
402 1805 491 1867 quae
514 1781 699 1867 magnifica
721 1804 804 1866 prae
826 1784 1034 1849 habitaculis
1057 1793 1192 1863 terrae;
1226 1786 1287 1850 sed
1311 1785 1403 1868 quod

277 1871 362 1942 idea¹
378 1879 464 1942 haec
487 1880 690 1954 communis,
715 1899 803 1962 quae
827 1889 881 1944 est
907 1900 953 1944 ex
977 1878 1108 1944 influxu
1130 1879 1229 1957 caeli,
1253 1880 1346 1944 illico
1369 1881 1402 1943 in

277 1974 419 2038 nihilum
439 1975 554 2051 cadat,
574 1994 652 2038 cum
672 1975 821 2038 mittitur
842 1975 907 2038 sub
928 1975 1148 2040 intuitionem
1171 1975 1205 2040 in
1228 1977 1343 2040 medio
1365 1985 1402 2041 et

277 2071 540 2152 cogitationem,
557 2088 638 2133 num
654 2071 705 2134 ita
720 2071 777 2144 sit,
793 2071 886 2153 quod
902 2069 940 2135 fit
960 2071 1125 2152 imprimis
1140 2071 1232 2154 apud
1248 2071 1402 2135 eruditos

278 2165 334 2248 qui
353 2185 413 2248 per
432 2167 604 2248 propriam
621 2165 891 2248 intelligentiam
907 2165 1168 2250 praecluserunt
1185 2165 1248 2230 sibi
1267 2166 1402 2230 caelum

277 2271 314 2325 et
333 2262 423 2324 viam
444 2261 528 2325 lucis
547 2260 637 2324 inde.
683 2259 848 2324 Similiter
863 2259 901 2325 fir
921 2280 998 2324 cum
1018 2259 1084 2324 fide
1104 2261 1148 2326 de
1166 2262 1240 2325 vita
1254 2261 1402 2326 hominis

277 2365 357 2440 post
379 2366 550 2437 mortem;
581 2356 638 2439 qui
661 2355 811 2438 loquitur
833 2357 877 2420 de
903 2355 973 2432 illa,
993 2366 1029 2420 et
1053 2377 1122 2420 non
1146 2358 1281 2439 cogitat
1300 2357 1400 2421 simul

277 2473 323 2516 ex
346 2452 539 2516 eruditione
562 2452 605 2515 de
635 2452 761 2540 anima,
781 2461 842 2514 aut
871 2472 917 2514 ex
948 2449 1106 2516 dod'trina
1134 2452 1178 2515 de
1208 2453 1401 2518 reunitionc

278 2548 442 2630 corporis,
461 2548 571 2612 credit
595 2546 687 2631 quod
711 2555 791 2628 post
816 2555 965 2610 mortem
988 2544 1137 2611 vidiurus
1161 2548 1206 2610 sit
1228 2547 1344 2625 homo,
1365 2559 1402 2613 et

277 2644 367 2707 inter
381 2641 526 2726 angelos
542 2643 569 2706 si
586 2643 674 2705 bene
687 2643 787 2717 vixit,
802 2651 838 2705 et
854 2641 946 2724 quod
963 2651 1046 2705 tunc
1062 2643 1194 2706 visurus
1210 2643 1254 2706 sit
1265 2644 1400 2726 magni-

277 2737 352 2814 lica,
375 2747 413 2803 et
442 2747 664 2820 percepturus
686 2736 833 2821 gaudia;
866 2737 927 2800 sed
951 2745 989 2800 ut
1019 2738 1164 2820 primurn
1188 2735 1322 2820 spediat
1356 2739 1401 2802 ad

277 2831 467 2898 doctrinale
483 2832 527 2896 de
543 2831 736 2895 reunitione
752 2832 916 2913 corporis,
934 2841 994 2895 aut
1010 2831 1054 2896 ad
1073 2831 1340 2914 hypotheticum
1356 2833 1401 2896 de

277 2929 401 3005 anima,
416 2939 451 2994 et
467 2927 609 2992 obvenit
626 2927 795 3009 cogitatio
811 2947 892 2990 num
908 2928 1022 2991 anima
1038 2927 1117 2991 talis
1133 2929 1187 3004 sit,
1201 2937 1237 2994 et
1254 2929 1301 2994 sic
1319 2946 1400 2992 num

276 3026 327 3090 ita
345 3025 399 3100 sit,
421 3023 605 3105 dissipatur
623 3021 695 3104 ejus
714 3022 805 3106 prior
824 3023 911 3086 idea.

341 3118 437 3201 184
468 3117 535 3184 Sed
553 3128 708 3202 praestat
722 3117 933 3182 documenta
945 3119 1182 3202 experientiae
1198 3117 1232 3182 in
1248 3118 1400 3184 medium

277 3213 404 3279 afferre.
451 3211 597 3296 Quoties
618 3213 753 3278 locutus
773 3233 848 3276 sum
871 3233 948 3278 cum
968 3215 1102 3297 angelis
1124 3235 1183 3279 ore
1205 3215 1249 3278 ad
1273 3233 1323 3288 os,
1344 3223 1399 3277 to-

277 3311 342 3376 ties
361 3310 406 3374 lui
425 3329 502 3374 cum
521 3309 589 3374 illis
607 3309 642 3372 in
662 3329 779 3372 eorum
796 3307 1011 3374 habitaculis.
1057 3305 1266 3374 Habitacula
1281 3325 1399 3372 corum

276 3415 356 3470 sunt
379 3425 518 3488 prorsus
540 3405 627 3468 sicut
650 3403 849 3468 habitacula
871 3405 905 3468 in
929 3403 1063 3482 tellure,
1084 3425 1171 3488 quae
1193 3403 1316 3468 domus
1338 3420 1400 3468 vo·

276 3510 408 3575 cantur,
432 3501 493 3564 sed
518 3499 733 3582 pulchriora;
764 3509 843 3564 sunt
873 3501 907 3564 in
930 3500 997 3564 illis
1019 3519 1185 3577 camerae,
1210 3497 1398 3576 conclavia,

275 3605 312 3661 et
333 3595 499 3672 cubicula,
520 3615 648 3678 magno
667 3615 820 3670 numero,
841 3605 877 3658 et
901 3605 981 3659 sunt
1000 3597 1098 3670 atria,
1119 3605 1155 3659 et
1179 3595 1400 3659 circumcirca

275 3691 378 3767 horti,
392 3691 524 3766 floreta,
538 3701 573 3756 et
588 3693 709 3773 campi.
751 3691 821 3756 Ubi
833 3691 1021 3754 consociati
1038 3699 1127 3766 sunt,
1141 3690 1186 3754 ibi
1202 3687 1400 3754 habitacula

276 3788 442 3869 contigua
464 3797 555 3864 sunt,
580 3806 683 3850 unum
703 3785 805 3869 juxta
827 3787 986 3861 alterum,
1006 3785 1176 3868 disposita
1197 3785 1231 3849 in
1254 3785 1398 3850 sormam

276 3883 438 3958 civitatis,
459 3901 535 3946 cum
559 3879 694 3964 plateis,
718 3883 782 3945 viis
805 3892 840 3946 et
863 3879 954 3956 ioris,
979 3901 1116 3963 prorsus
1139 3881 1183 3944 ad
1205 3880 1398 3945 similitudi·

276 3998 355 4042 nem
374 3978 506 4041 urbium
524 3977 558 4040 in
578 3985 696 4041 nostra
714 3975 859 4040 tellure:
885 3977 1004 4040 datum
1022 3978 1127 4040 etiam
1147 3985 1201 4041 est
1219 3975 1400 4058 pervagari

275 4073 363 4148 illas,
380 4081 417 4136 ct
435 4093 490 4136 me
507 4073 766 4154 circumspicere
783 4071 1017 4154 undequaque,
1035 4081 1071 4135 et
1090 4091 1150 4154 per
1165 4071 1256 4134 vices
1272 4071 1399 4135 intrare

275 4168 417 4231 domos:
441 4165 507 4230 hoc
522 4163 649 4230 laeum
668 4177 723 4231 est
741 4167 775 4229 in
794 4165 898 4248 plena
912 4165 1040 4248 vigilia,
1057 4185 1133 4230 cum
1149 4165 1291 4230 interior
1307 4165 1400 4231 visus

276 4261 358 4326 mihi
376 4271 515 4344 apertus
533 4257 672 4326 enlm>

672 4471 712 4523 ln
724 4479 824 4512 aucam
836 4470 1002 4526 mmm)

331 4573 419 4644 (xxx)
444 4571 534 4646 Quod
543 4574 657 4646 angelis
666 4573 728 4629 sint
737 4571 884 4635 civitates.
894 4573 1012 4644 palatia,
1021 4585 1052 4628 et
1065 4574 1181 4635 domus,
1189 4571 1227 4628 de
1238 4572 1346 4644 quibus
1358 4573 1399 4639 (n.

276 4645 496 4715 940942,1116,
513 4643 677 4707 1626-1628,
694 4643 778 4716 1630,
790 4643 866 4714 1631.
881 4643 974 4712 4622).
