3350 5366
368 674 533 724 nsum
552 675 602 726 ss
620 675 745 730 surus
763 677 968 732 smnmuuu
984 677 1266 732 mssnusmuu.
1319 680 1381 755 373
1403 643 1405 648 ⁵

258 853 406 910 externa
422 844 609 927 probitate,
625 846 838 923 sinceritate,
851 846 997 929 justitia,
1009 857 1046 916 et
1062 847 1242 916 ati‘siiione
1257 849 1330 914 ueri
1342 857 1380 921 et

257 940 349 1012 burri.
371 961 455 1022 quas
478 941 584 1006 homo
607 942 687 1008 talis
710 963 771 1006 ore
793 942 956 1024 praetulit
977 953 1015 1008 et
1042 943 1215 1009 simulavit
1239 954 1380 1028 propter

257 1034 432 1110 mundum,
453 1036 516 1100 sub
535 1037 655 1117 quibus
675 1038 724 1102 ita
742 1038 959 1102 reconditum
981 1047 1018 1104 ct
1041 1039 1076 1104 in
1099 1038 1245 1104 obscuro
1265 1039 1379 1118 latuit,

257 1140 294 1194 ut
318 1131 378 1196 vix
399 1131 473 1212 ipse
497 1132 635 1196 sciverit
659 1132 751 1214 quod
775 1133 809 1198 in
832 1133 955 1214 spiritu
978 1153 1039 1198 suo
1063 1142 1163 1198 tanta
1186 1134 1319 1198 malitia
1340 1144 1379 1211 et

255 1226 385 1290 astutia
400 1226 456 1300 sit,
476 1227 526 1290 ita
543 1226 634 1309 quod
654 1229 687 1290 in
711 1247 748 1292 se
768 1227 851 1298 talis
870 1227 1028 1292 diabolus
1047 1229 1092 1293 sit
1110 1227 1222 1310 qualis
1241 1227 1278 1294 fit
1299 1239 1377 1314 post

256 1330 416 1394 mortem.
437 1341 515 1388 cum
534 1321 608 1406 ejus
623 1323 765 1403 spiritus
785 1323 935 1387 venitin
965 1343 1014 1398 se,
1032 1342 1073 1388 ac
1103 1323 1138 1386 in
1161 1343 1257 1388 suam
1277 1335 1377 1388 natu·

168 1467 172 1506 :
254 1433 337 1482 ram.
382 1413 480 1482 Tunc
498 1415 629 1482 malitia
646 1416 1004 1492 tulissemanisestat,
1019 1426 1055 1480 ut
1071 1418 1222 1482 excedat
1238 1437 1377 1485 omnem

254 1507 367 1574 fidem.
412 1508 502 1574 Sunt
522 1510 630 1576 millia
648 1531 737 1593 quac
766 1532 813 1574 ex
841 1512 917 1592 ipso
945 1511 1038 1578 malo
1061 1521 1143 1576 tunc
1171 1522 1375 1594 erumpunt;

254 1607 345 1670 inter
374 1626 461 1688 quae
491 1607 597 1672 etiam
632 1606 716 1670 talia
745 1615 836 1680 sunt,
856 1627 944 1688 quae
973 1627 1043 1672 non
1069 1607 1211 1672 vocibus
1236 1608 1376 1688 alicujus

254 1701 391 1782 linguae
409 1702 556 1782 exprimi
574 1711 740 1784 possunt;
763 1700 877 1783 qualia
897 1711 988 1776 sunt,
1009 1701 1127 1766 datum
1144 1713 1198 1766 est
1215 1702 1297 1766 mihi
1316 1721 1376 1784 per

252 1795 366 1876 piures
395 1797 632 1877 experientias
664 1797 763 1872 scire,
791 1805 828 1860 et
860 1816 995 1877 quoque
1022 1799 1264 1880 appercipere;
1297 1799 1376 1880 quia

253 1891 335 1954 mihi
354 1892 473 1956 datum
493 1901 546 1956 est
570 1913 591 1954 a
613 1891 764 1956 Domino
782 1893 816 1956 in
834 1889 1003 1972 spirituali
1022 1891 1151 1956 mundo
1169 1892 1282 1974 quoad
1305 1893 1373 1974 spi-

252 1988 354 2050 ritum
384 2007 472 2060 esse,
496 1995 533 2050 et
567 1985 667 2050 simul
700 1987 734 2052 in
763 1985 912 2050 naturali
941 1986 1069 2058 mundo
1098 1987 1210 2069 quoad
1239 2007 1373 2070 corpus.

252 2080 330 2146 Hoc
349 2081 471 2144 testari
490 2100 640 2162 possum,
659 2079 752 2162 quod
772 2081 905 2146 malitia
924 2099 1041 2144 eorum
1061 2089 1162 2144 tanta
1180 2081 1235 2154 sit,
1257 2092 1294 2144 ut
1313 2083 1372 2146 vix

252 2193 354 2240 unum
374 2197 418 2240 ex
436 2176 585 2240 millibus
601 2176 712 2257 possit
729 2175 893 2240 describi:
917 2185 953 2237 et
971 2195 1107 2257 quoque
1124 2176 1187 2238 nisi
1204 2176 1372 2240 Dominus

251 2280 384 2339 tutetur
402 2271 587 2344 hominem,
607 2270 699 2352 quod
717 2289 788 2334 non
807 2270 918 2352 possit
934 2289 1075 2351 usquam
1093 2271 1199 2334 eximi
1217 2270 1371 2349 insern0;

250 2385 330 2440 nam
347 2366 437 2446 apud
458 2365 720 2446 unumquemvis
736 2364 910 2428 hominem
930 2374 1001 2428 tam
1022 2365 1160 2445 spiritus
1179 2365 1222 2428 ab
1241 2365 1372 2430 inferno

249 2470 341 2534 sunt,
361 2479 465 2540 quam
486 2459 601 2540 angeli
624 2481 643 2522 e
667 2459 765 2526 caelo
790 2458 965 2540 (videatur
988 2477 1101 2540 supra,
1123 2479 1154 2522 n.
1178 2475 1251 2540 292,
1272 2459 1370 2542 293);

249 2563 285 2620 et
304 2554 472 2618 Dominus
489 2573 558 2618 non
575 2555 680 2618 tutari
699 2563 817 2635 potest
837 2554 1023 2632 hominem,
1042 2555 1105 2616 nisi
1124 2554 1228 2618 homo
1243 2574 1371 2636 agnos·

249 2660 306 2716 eat
324 2650 495 2723 Divinum.
509 2661 545 2717 et
563 2651 626 2712 nisi
642 2651 738 2715 vivat
750 2651 858 2714 vitam
870 2649 949 2714 fidei
967 2659 1003 2712 et
1020 2649 1220 2728 charitatis;
1243 2649 1373 2734 alioqui

162 2741 166 2754 '
248 2747 338 2810 enim
363 2745 490 2808 auertit
514 2766 550 2810 se
573 2765 594 2806 a
617 2744 778 2820 Domino,
802 2765 841 2812 ac
863 2745 1037 2810 convertit
1061 2765 1098 2807 se
1120 2744 1163 2806 ad
1187 2743 1370 2818 infernales

247 2841 396 2922 spiritus,
411 2851 446 2904 et
464 2840 513 2904 sic
529 2839 691 2902 imbuitur
703 2839 816 2922 quoad
830 2841 985 2921 spiritum
999 2857 1095 2901 suum
1106 2838 1207 2900 simili
1218 2839 1366 2902 malitia:

247 2935 352 3000 homo
375 2955 479 3017 usque
502 2956 523 3000 a
546 2935 697 3000 Domino
718 2935 882 2998 continue
905 2934 1086 2998 abducitur
1107 2953 1128 2998 a
1151 2933 1260 3008 malis,
1281 2955 1368 3016 quae

247 3051 292 3096 cx
312 3031 572 3094 consociatione
591 3029 754 3094 cumillis
773 3030 948 3110 spiritibus
966 3029 1030 3092 sibi
1049 3027 1199 3110 applicat
1219 3037 1254 3092 et
1270 3031 1369 3110 quasi

246 3124 403 3200 attrahit,
420 3125 448 3188 si
465 3145 533 3190 non
551 3143 611 3205 per
627 3124 763 3190 vincula
779 3125 915 3200 interna
927 3144 1012 3207 quae
1029 3133 1108 3186 sunt
1121 3123 1365 3202 conscientiae,

246 3239 333 3302 quae
353 3240 421 3284 non
441 3221 562 3302 recipit
581 3221 609 3282 si
628 3230 736 3300 negat
756 3219 929 3292 Divinum,
951 3239 1056 3299 usque
1076 3227 1193 3280 tamen
1213 3237 1273 3300 per
1292 3219 1366 3282 vin·

246 3313 324 3380 cula
341 3325 500 3390 externa,
518 3336 605 3397 quae
625 3325 716 3390 sunt,
735 3324 772 3378 ut
792 3305 1040 3394 supradictum
1059 3323 1124 3386 est,
1143 3313 1283 3376 timores
1304 3334 1366 3398 pro

246 3407 325 3490 lege
355 3419 390 3474 et
420 3409 491 3490 ejus
522 3411 653 3491 poenis.
678 3429 807 3490 proque
833 3405 967 3488 jadtura
992 3406 1088 3480 lucri,
1108 3416 1144 3470 et
1173 3407 1365 3488 privatione

245 3503 385 3568 honoris
414 3513 450 3568 et
479 3503 599 3568 famae.
647 3503 764 3566 Homo
787 3502 867 3564 talis
893 3501 1029 3582 quidem
1053 3500 1173 3562 abduci
1197 3511 1314 3582 potest
1344 3523 1365 3566 a

245 3599 344 3664 natis
368 3617 427 3678 per
446 3597 595 3679 jucunda
613 3597 819 3672 suiamoris,
840 3605 876 3660 et
898 3616 959 3677 per
977 3595 1136 3660 timorem
1153 3592 1304 3675 jailurae
1327 3606 1363 3662 et

245 3694 445 3775 privationis
457 3711 574 3758 eorum
589 3713 597 3770 ;
621 3691 682 3756 sed
699 3711 767 3756 non
780 3699 899 3772 potest
912 3689 1036 3753 adduci
1048 3689 1082 3752 in
1098 3689 1189 3752 hona
1202 3691 1363 3770 spiritua·

245 3789 311 3866 lia;
346 3807 424 3852 nam
453 3797 621 3869 quantum
651 3787 686 3850 in
714 3786 800 3850 haec
825 3784 1016 3858 adducitur,
1042 3792 1176 3848 tantum
1206 3785 1296 3868 apud
1325 3806 1363 3852 se

244 3892 358 3946 versat
382 3883 528 3944 astutias
551 3891 587 3945 et
617 3880 728 3954 dolos,
752 3877 946 3941 simulando
972 3887 1007 3940 et
1039 3879 1238 3942 mentiendo
1261 3878 1362 3961 bona,

245 3978 389 4051 sincera,
412 3985 450 4042 et
476 3975 580 4056 justa,
600 3973 667 4040 fine
690 3973 916 4055 persuadendi
946 3981 982 4039 et
1009 3973 1058 4036 sic
1082 3971 1244 4052 sallendi;
1276 3973 1361 4039 haec

244 4072 372 4135 astutia
388 4091 424 4134 se
440 4071 537 4136 addit
554 4068 647 4134 malo
661 4067 732 4149 ejus
749 4069 898 4149 spiritus,
915 4086 954 4130 ac
974 4065 1210 4142 formatium,
1227 4077 1263 4130 et
1281 4067 1363 4134 lacit

245 4177 282 4230 ut
301 4168 347 4230 sit
365 4165 504 4239 malurn,
526 4164 627 4248 quale
645 4173 699 4227 est
718 4164 752 4228 in
772 4183 833 4226 sua
850 4172 985 4226 natura.

253 4293 256 4300 ⁴
307 4261 403 4343 578·
433 4258 594 4324 Omnium
619 4257 758 4340 pessimi
781 4265 872 4330 sunt,
892 4257 948 4340 qui
976 4255 1011 4317 in
1042 4255 1140 4318 malis
1170 4275 1215 4320 ex
1246 4273 1362 4322 amore

244 4355 294 4418 sui
314 4355 458 4430 luerunt.
476 4365 512 4419 et
532 4355 587 4436 qui
606 4352 706 4416 simul
724 4353 816 4417 intus
835 4352 868 4414 in
886 4371 922 4417 se
939 4371 986 4414 ex
1006 4350 1088 4414 dolo
1103 4359 1259 4430 egerunt,
1277 4370 1361 4432 quo·

245 4451 336 4512 niam
355 4449 455 4514 dolus
474 4451 579 4514 intrat
599 4447 746 4530 penitius
765 4446 997 4526 cogitationes
1020 4455 1055 4514 et
1077 4445 1300 4519 intentiones„
1321 4464 1360 4510 ac

244 4543 351 4606 infecit
373 4543 450 4606 illas
469 4563 614 4616 veneno.
634 4551 671 4606 et
693 4541 739 4602 sic
760 4541 905 4607 destruit
925 4558 1063 4604 omnem
1083 4540 1190 4604 vitam
1213 4539 1362 4611 hominis

245 4637 468 4721 spiritualem.
515 4637 670 4718 Plerique
688 4635 823 4700 illorum
843 4643 922 4697 sunt
940 4634 976 4696 in
994 4633 1171 4698 irrlernisa
1193 4643 1305 4716 terg0,
1325 4643 1361 4698 et
