3350 5366
367 668 417 720 DE
440 665 615 720 SECUNDO
638 665 760 720 s'rnw
784 665 947 720 nonnus
970 665 1061 720 POST
1085 667 1260 718 MORTEM.
1314 669 1373 736 317

760 1020 868 1107 [Ul-i

348 1196 407 1262 Da
430 1195 612 1264 secunao
635 1196 765 1264 Sanau
790 1197 961 1264 Houuus
984 1210 1075 1264 rosa
1099 1197 1281 1262 Monaesi,

263 1427 264 1430 =
318 1397 425 1468 499.
454 1382 632 1448 Secundus
651 1382 771 1448 Status
789 1381 936 1448 hominis
960 1393 1041 1466 post
1064 1391 1213 1448 mortem
1231 1393 1376 1450 vocatur

256 1488 369 1544 status
387 1480 599 1554 interiorum,
619 1481 697 1562 quia
719 1489 800 1544 tunc
823 1481 1022 1547 immittitur
1044 1480 1078 1544 in
1101 1481 1266 1545 interiora
1289 1501 1376 1564 quae

256 1575 382 1638 mentis
404 1574 476 1656 ejus
498 1585 589 1652 sunt,
609 1596 670 1640 seu
692 1574 881 1640 voluntatis
904 1585 939 1640 et
963 1577 1196 1659 cogitationis,
1221 1595 1260 1640 ac
1284 1577 1376 1660 sopi-

257 1679 358 1734 untur
391 1671 576 1746 exteriora,
600 1672 634 1734 in
667 1671 788 1754 quibus
820 1671 930 1735 fuerat
965 1672 997 1736 in
1031 1673 1141 1754 primo
1173 1692 1236 1736 suo
1268 1681 1375 1736 statu.

257 1763 409 1848 Quisque
424 1767 481 1848 qui
500 1766 651 1830 advertit
670 1766 714 1830 ad
733 1765 840 1829 vitam
857 1765 1006 1831 hominis
1024 1776 1060 1831 et
1079 1765 1150 1848 ejus
1166 1765 1321 1850 loquelas
1339 1778 1376 1832 et

256 1857 421 1936 actiones,
438 1880 650 1943 cognoscere
667 1868 796 1944 potest,
814 1862 905 1944 quod
923 1861 1015 1943 apud
1031 1863 1290 1944 unumquemvis
1306 1863 1377 1927 sint

256 1956 433 2020 exteriora
451 1965 487 2020 et
506 1957 676 2030 interiora,
697 1977 757 2020 seu
774 1957 965 2020 exteriores
984 1967 1020 2020 et
1044 1958 1223 2021 interiores
1242 1959 1376 2041 cogita·

256 2051 371 2116 tiones
390 2060 425 2114 et
448 2051 670 2116 intentiones.
716 2050 756 2115 Id
775 2069 987 2133 cognoscere
1006 2061 1125 2134 potest
1148 2073 1194 2114 ex
1217 2051 1289 2116 his:
1320 2054 1376 2136 qui

257 2145 291 2208 in
310 2144 401 2209 civili
419 2147 491 2210 vita
509 2157 574 2221 est,
595 2147 622 2209 is
646 2147 781 2226 cogitat
799 2146 842 2208 de
865 2145 939 2208 aliis
959 2147 1049 2210 sicut
1065 2147 1121 2210 vei
1144 2167 1190 2210 ex
1212 2147 1303 2210 sama
1320 2147 1376 2212 vel

257 2263 302 2306 ex
321 2241 584 2306 conversatione
602 2241 645 2304 de
663 2240 731 2303 iliis
747 2240 876 2304 audivit
895 2251 931 2305 et
950 2243 1169 2325 appercepit;
1193 2243 1376 2326 seriusque

258 2357 327 2402 non
351 2336 502 2420 loquitur
524 2335 713 2400 secundum
736 2336 988 2417 cogitationem
1011 2357 1108 2400 suam
1132 2357 1209 2401 cum
1240 2337 1318 2412 illis,
1341 2347 1377 2401 et

257 2433 398 2498 tametsi
422 2430 503 2496 mali
526 2439 617 2505 sunt,
637 2450 742 2512 usque
771 2439 890 2494 tamen
913 2432 1058 2496 civiliter
1085 2449 1162 2495 cum
1196 2431 1264 2495 iilis
1292 2433 1376 2514 agit.

258 2527 360 2610 Quod
372 2528 422 2592 ita
433 2527 490 2602 sit,
504 2527 663 2608 apprimis
677 2536 797 2590 notum
810 2535 864 2590 est
880 2546 925 2591 ex
937 2526 1191 2592 simulatoribus
1206 2537 1242 2591 et
1257 2547 1375 2592 assen-

257 2623 441 2698 tatoribus,
469 2622 525 2704 qui
554 2641 691 2704 prorsus
721 2621 822 2686 aliter
851 2621 1037 2704 loquuntur
1063 2632 1099 2687 et
1126 2632 1245 2704 agunt,
1274 2643 1377 2706 quam

258 2719 417 2800 cogitant
440 2725 477 2782 et
502 2716 646 2794 volunt;
681 2725 716 2780 et
746 2737 793 2780 ex
821 2715 1024 2800 hypocritis,
1047 2719 1104 2800 qui
1129 2716 1312 2800 loquuntur
1333 2719 1377 2782 de

258 2815 345 2890 Deo,
364 2813 408 2878 de
426 2813 536 2888 caelo,
556 2811 599 2876 de
618 2811 728 2876 salute
747 2812 946 2887 animarum,
966 2813 1010 2878 de
1028 2814 1116 2876 veris
1135 2812 1313 2890 ecclesiae,
1334 2814 1377 2878 de

258 2909 357 2972 bonis
376 2909 517 2990 patriae,
534 2916 570 2970 et
590 2907 633 2971 de
652 2908 822 2990 proximo,
842 2909 931 2972 sicut
950 2928 995 2972 ex
1014 2905 1081 2972 tide
1099 2917 1135 2974 et
1154 2927 1282 2984 amore,
1299 2928 1377 2972 cum

259 3012 376 3068 tamen
400 3003 503 3067 corde
527 3002 618 3066 aliud
641 3002 798 3074 credunt,
816 3021 856 3066 ac
886 3021 923 3066 se
952 3000 1046 3066 solos
1065 3012 1193 3068 amant.
1238 3003 1295 3066 Ex
1325 3003 1378 3066 his

259 3108 419 3162 constare
443 3107 572 3179 potest,
592 3097 684 3180 quod
707 3096 808 3161 binae
831 3097 1063 3178 cogitationes
1086 3097 1166 3174 sint,
1186 3118 1253 3162 una
1275 3108 1377 3162 exte·

259 3195 327 3260 rior
352 3203 388 3258 et
413 3193 525 3260 altera
547 3193 697 3268 interior,
721 3203 758 3258 et
781 3193 873 3275 quod
896 3213 943 3256 ex
966 3192 1181 3274 cogitatione
1204 3195 1378 3258 exteriore

260 3288 453 3372 loquantur,
473 3298 509 3352 et
532 3310 577 3352 ex
601 3289 819 3370 cogitatione
842 3288 1004 3351 interiore
1023 3287 1114 3350 aliud
1135 3290 1312 3366 sentiant;
1335 3309 1375 3352 ac

259 3384 351 3466 quod
369 3385 470 3448 binae
489 3383 569 3447 illae
589 3384 821 3465 cogitationes
840 3391 1021 3464 separatae
1040 3383 1120 3457 sint,
1138 3402 1217 3446 narn
1237 3393 1379 3448 cavetur

260 3498 302 3544 ne
319 3479 460 3544 interior
476 3477 594 3542 influat
610 3479 644 3542 in
663 3479 886 3552 exteriorem,
900 3485 936 3540 et
952 3476 1067 3560 aliquo
1083 3478 1187 3541 modo
1203 3488 1377 3562 appareat.

262 3573 378 3640 Homo
400 3595 445 3638 ex
469 3574 642 3638 creatione
666 3571 746 3638 talis
768 3581 833 3646 est,
858 3581 896 3636 ut
918 3571 1060 3636 interior
1082 3573 1252 3654 cogitatio
1275 3591 1379 3638 unum

260 3679 344 3752 agat
373 3689 450 3734 curn
481 3669 654 3733 exteriore
687 3688 747 3751 per
776 3667 1144 3750 correspondentiam
1178 3677 1215 3732 et
1245 3687 1379 3750 quoque

260 3783 364 3830 unum
382 3766 455 3847 agit
475 3763 565 3846 apud
583 3763 661 3826 illos
680 3763 736 3845 qui
759 3762 792 3826 in
811 3763 905 3826 bono
926 3770 1028 3826 sunt:
1053 3781 1132 3826 nam
1151 3763 1199 3826 illi
1223 3782 1292 3826 non
1316 3764 1379 3826 nisi

260 3879 361 3943 quam
380 3860 507 3924 bonum
526 3859 685 3940 cogitant
703 3867 740 3922 et
759 3858 886 3922 bonum
903 3856 1107 3940 loquuntur:
1132 3867 1169 3921 at
1188 3877 1270 3926 vero
1289 3859 1380 3940 apud

260 3955 338 4020 illos
360 3955 416 4037 qui
443 3954 477 4018 in
500 3952 592 4018 maio
615 3963 707 4028 sunt,
730 3953 873 4018 interior
895 3952 1065 4034 cogitatio
1089 3972 1156 4016 non
1180 3973 1282 4016 unum
1306 3955 1380 4035 agit

261 4068 338 4114 cum
357 4049 540 4124 exteriore,
561 4067 640 4112 narn
663 4046 699 4112 hi
718 4047 846 4112 malum
865 4048 1025 4128 cogitant
1048 4057 1085 4110 et
1108 4046 1294 4129 loquuntur
1316 4048 1379 4112 bo·

261 4165 363 4210 num:
395 4145 484 4228 apud
507 4143 571 4208 hos
590 4145 742 4208 inversus
765 4151 819 4207 est
842 4141 938 4216 ordo,
957 4161 1037 4206 nam
1055 4143 1183 4206 bonum
1206 4143 1296 4224 apud
1320 4163 1380 4208 eos

263 4249 316 4304 est
334 4248 446 4315 extra,
465 4259 506 4304 ac
524 4238 654 4304 malum
670 4239 781 4316 intra3
804 4238 884 4302 inde
903 4247 956 4302 est
972 4236 1064 4320 quod
1081 4237 1208 4300 maium
1225 4238 1379 4302 domine·

262 4343 318 4400 tur
335 4355 436 4416 super
454 4335 593 4410 bonum,
610 4344 646 4398 et
665 4333 730 4400 hoc
750 4333 814 4397 sibi
829 4331 984 4414 subjiciat
1001 4333 1089 4396 sicut
1105 4351 1253 4404 servum,
1271 4341 1308 4396 ut
1328 4333 1380 4396 in·

263 4431 388 4496 serviat
404 4431 468 4494 sibi
484 4451 546 4512 pro
558 4430 674 4494 medio
689 4429 732 4492 ad
749 4419 959 4492 obtinendos
974 4426 1069 4504 fines,
1086 4428 1142 4510 qui
1158 4437 1239 4490 sunt
1255 4430 1381 4492 amoris

263 4525 409 4592 illorum.
455 4523 502 4589 Et
522 4527 599 4608 quia
618 4524 697 4590 talis
717 4522 792 4588 finis
810 4525 900 4588 inest
919 4523 1012 4588 bono
1029 4523 1122 4605 quod
1141 4521 1326 4605 loquuntur
1344 4533 1380 4590 et

263 4621 354 4704 quod
373 4629 492 4702 agunt,
510 4629 619 4703 patet,
636 4619 727 4702 quod
744 4619 870 4684 bonurn
888 4617 978 4701 apud
997 4616 1075 4682 ilios
1091 4637 1160 4682 non
1180 4619 1224 4683 sit
1240 4619 1379 4692 bonum,
