3382 5358
583 691 634 744 DE
656 685 877 742 SCRIPTU'RIS
899 685 941 739 IN
963 681 1101 737 cnuto.
1340 683 1401 750 149

276 871 486 951 affediiones,
503 891 564 956 per
579 879 814 936 consonantes
829 869 925 935 ideas
941 866 1167 952 cogitationis
1182 887 1228 930 ex
1247 862 1400 930 aliediio·

277 971 385 1047 nibus,
406 979 442 1034 et
462 989 522 1052 per
540 987 645 1032 voces
663 963 709 1032 'ex
728 967 796 1030 illis
815 981 954 1030 sensum
973 965 1021 1029 rei
1042 961 1215 1046 (videatur
1233 981 1344 1043 supra,
1366 979 1399 1024 n.

277 1065 349 1148 236,
370 1063 459 1148 241).
506 1063 604 1128 Haec
628 1065 798 1145 scriptura
816 1063 923 1126 etiam
948 1058 1093 1124 involvit
1117 1057 1234 1142 paucis
1257 1056 1401 1120 vocibus

277 1161 374 1246 plura
396 1177 498 1244 quam
521 1159 627 1222 homo
649 1167 769 1242 potest
792 1173 853 1240 per
875 1156 1007 1240 aliquot
1031 1153 1176 1238 paginas
1195 1151 1400 1216 describere.

277 1256 384 1321 Visae
406 1256 512 1320 etiam
531 1254 613 1318 mihi
636 1253 717 1318 illae
739 1253 930 1336 scripturae
949 1260 1040 1314 sunt.
1087 1249 1142 1314 lta
1165 1249 1401 1329 conscriptum

276 1349 406 1416 habent
426 1349 580 1414 Verbum
604 1349 638 1412 in
661 1347 766 1412 caelis
784 1346 1010 1421 inferioribus,
1031 1354 1068 1410 et
1091 1363 1151 1427 per
1174 1343 1301 1407 formas
1321 1361 1400 1406 cae·

277 1445 384 1511 lestes
403 1449 437 1510 in
457 1443 555 1508 caelo
575 1443 707 1508 intimo.

340 1542 437 1606 262.
466 1537 692 1603 Memorabile
711 1547 777 1614 est,
795 1535 887 1621 quod
912 1535 1099 1620 scripturae
1119 1535 1153 1598 in
1172 1533 1277 1598 caelis
1294 1533 1401 1597 fluant

279 1635 480 1700 naturaliter
496 1655 542 1698 ex
559 1635 640 1715 ipsis
657 1651 774 1698 eorum
791 1631 1071 1714 cogitationibus
1090 1641 1161 1694 tam
1178 1629 1267 1694 sacili
1284 1647 1400 1712 opera,

279 1740 315 1793 ut
329 1731 373 1794 sit
388 1729 484 1814 quasi
501 1729 671 1810 cogitatio
687 1749 724 1791 se
741 1726 876 1810 ejiciat;
901 1745 964 1790 nec
981 1726 1101 1790 haeret
1119 1745 1238 1788 manus
1258 1726 1291 1788 in
1309 1724 1401 1788 elec-

279 1825 373 1888 tione
389 1823 531 1905 alicujus
546 1823 652 1898 vocis,
670 1823 748 1906 quia
765 1841 880 1898 voces,
895 1833 967 1886 tam
978 1831 1064 1904 quas
1080 1821 1286 1902 eloquuntur
1299 1838 1401 1902 quam

278 1938 361 2000 quas
380 1919 545 1992 scribunt,
565 1917 838 2002 correspondent
858 1919 942 1982 ideis
962 1917 1187 1999 cogitationis
1203 1935 1339 1994 eorum;
1364 1925 1400 1980 et

279 2013 389 2076 omnis
405 2015 711 2096 correspondentia
730 2025 784 2078 est
808 2013 972 2078 naturalis
996 2023 1032 2078 et
1056 2021 1258 2095 spontanea.
1305 2010 1400 2073 Dan-

279 2117 334 2171 tur
352 2109 455 2172 etiam
478 2107 512 2172 in
536 2108 641 2172 caelis
661 2111 849 2192 scripturae
869 2111 997 2192 absque
1021 2129 1086 2191 ope
1106 2127 1238 2182 manus,
1259 2127 1304 2169 ex
1327 2107 1402 2169 sola

279 2203 587 2286 correspondentia
605 2206 882 2286 cogitationum
906 2205 967 2267 sed
987 2203 1051 2268 hae
1071 2223 1140 2266 non
1161 2211 1374 2286 permanent.

342 2299 441 2380 263.
471 2297 552 2361 Vidi
572 2299 678 2362 etiarn
697 2300 883 2382 scripturas
906 2321 925 2362 e
948 2297 1046 2362 caelo
1065 2319 1110 2361 ex
1130 2297 1232 2360 meris
1252 2297 1401 2359 numeris

279 2393 432 2456 exaratis
451 2393 484 2454 in
504 2394 624 2456 ordine
644 2405 679 2457 et
698 2395 731 2456 in
752 2397 847 2468 serie,
868 2393 970 2476 plane
991 2395 1078 2456 sicut
1097 2395 1130 2478 in
1154 2393 1331 2473 scripturis
1356 2390 1400 2454 είς

280 2487 403 2550 litteris
422 2497 458 2550 et
481 2489 633 2564 vocibus,
655 2498 691 2552 et
714 2486 900 2552 instruGtus
919 2507 993 2552 sum
1013 2489 1104 2570 quod
1128 2488 1213 2550 haec
1233 2489 1402 2570 scriptura

279 2583 322 2645 sit
340 2604 385 2646 ex
405 2583 527 2647 intimo
546 2584 654 2660 caelo,
672 2593 708 2648 et
732 2586 822 2668 quod
841 2583 1004 2648 caelestis
1020 2603 1136 2648 eorum
1154 2585 1322 2666 scriptura
1343 2584 1401 2665 (de

280 2697 346 2760 qua
375 2698 487 2760 supra,
513 2698 544 2742 n.
568 2679 641 2754 260,
666 2679 739 2754 261,
764 2677 877 2743 actum
905 2678 989 2763 est,)
1016 2680 1159 2742 sistatur
1189 2680 1222 2742 in
1253 2681 1402 2742 numeris

280 2773 368 2855 apud
385 2773 529 2855 angelos
545 2773 711 2837 inferioris
728 2774 825 2850 caeli,
843 2795 920 2840 cum
937 2775 1106 2856 cogitatio
1122 2796 1166 2838 ex
1187 2773 1246 2838 illa
1262 2773 1379 2838 defluit
1393 2796 1400 2852 ;

281 2877 317 2932 et
340 2870 431 2951 quod
451 2869 634 2933 numeralis
653 2870 712 2934 illa
730 2872 897 2954 scriptura
915 2871 1072 2936 similiter
1090 2871 1245 2934 involvat
1265 2891 1400 2940 arcana,

280 2984 421 3048 quorum
440 2964 552 3048 aliqua
571 2985 640 3029 non
659 2965 905 3048 comprehendi
925 2967 1151 3048 cogitatione,
1173 2987 1235 3030 nec
1256 2967 1402 3049 exprimi

280 3059 421 3123 vocibus
444 3070 611 3142 possunt:
646 3080 767 3124 omnes
790 3063 881 3126 enim
905 3063 1035 3126 numeri
1058 3063 1344 3144 correspondent,
1365 3072 1401 3126 et

281 3154 466 3218 secundum
480 3157 821 3239 correspondentiam
833 3156 1039 3240 significant,
1051 3179 1158 3240 aeque
1172 3178 1210 3222 ac
1224 3177 1328 3221 voces
1342 3155 1402 3236 Μ)

281 3267 357 3312 cum
377 3249 569 3315 differentia
587 3261 717 3330 tamen,
738 3253 830 3337 quod
849 3251 980 3316 numeri
996 3253 1176 3316 involvant
1196 3253 1401 3327 communia,

281 3355 316 3409 et
347 3365 452 3410 voces
481 3346 689 3430 singularia;
729 3359 765 3412 et
802 3349 880 3432 quia
910 3367 1013 3412 unum
1043 3367 1225 3412 commune
1255 3347 1402 3412 involvit

281 3441 456 3504 innumera
486 3443 682 3524 singularia,
702 3443 782 3507 inde
809 3453 874 3519 est,
899 3443 990 3526 quod
1021 3443 1205 3507 numeralis
1235 3445 1403 3525 scriptura

280 3535 435 3600 involvat
451 3557 576 3600 arcana
592 3537 688 3622 plura
704 3556 805 3621 quam
819 3537 990 3603 litteralis.
1035 3537 1093 3602 Ex
1112 3537 1165 3602 his
1182 3539 1294 3622 patuit
1308 3538 1402 3613 mihi,

255 3663 259 3670 ·
281 3631 371 3714 quod
392 3633 522 3696 numeri
545 3634 578 3695 in
599 3631 717 3697 Verbo
735 3653 843 3718 aeque
863 3633 1059 3716 significent
1078 3653 1132 3698 res
1155 3653 1194 3698 ac
1218 3655 1323 3698 voces
1345 3635 1401 3699 ibi.

282 3721 373 3808 Quid
387 3727 518 3792 numeri
530 3727 716 3810 simplices,
728 3739 766 3793 ut
786 3745 816 3806 2,
832 3745 861 3812 3,
877 3747 909 3809 4,
926 3743 954 3812 5,
967 3729 998 3806 6,
1012 3745 1042 3812 7,
1057 3731 1087 3806 8,
1098 3749 1129 3812 9,
1148 3743 1196 3806 10,
1212 3745 1258 3806 12,
1273 3731 1402 3814 etquid

670 3971 711 4024 lux
723 3982 822 4015 umis
836 3973 999 4028 amaus)

335 4087 399 4157 ογ)
424 4083 514 4158 Quod
534 4103 640 4143 omnes
658 4089 774 4143 numeri
795 4089 825 4144 in
839 4089 940 4146 Verbo
958 4078 1129 4163 significent
1147 4109 1194 4148 res
1215 4095 1255 4161 (n.
1268 4093 1329 4159 482,
1341 4093 1403 4160 487,

280 4157 341 4224 647.
366 4157 428 4224 648.
451 4171 511 4228 755.
531 4157 591 4228 813.
614 4159 689 4229 ¹9⁶3·
712 4161 787 4229 1988.
807 4173 885 4230 20⁷5.
906 4175 984 4232 2252.
1004 4175 1081 4233 3252.
1100 4163 1179 4232 4264.
1197 4163 1294 4234 4674l?
1312 4165 1404 4235 4⁶70l

280 4227 779 4368 ⁶¹⁷aalta⁵aar⁷r⁰²⁵l
825 4301 843 4356 ⁶

676 4315 776 4371 -rrss
792 4313 824 4372 52
846 4303 881 4372 5).

314 4367 425 4453 Ιῼιιοά
446 4371 562 4424 numeri
582 4371 772 4442 multiplicati
788 4373 897 4428 similia
909 4373 1081 4445 significent
1100 4391 1168 4430 cum
1182 4375 1314 4434 numeris
1333 4377 1405 4432 sim-

281 4439 408 4580 pl917cppus
419 4441 557 4512 aquibus
567 4443 909 4513 permultiplicationem
918 4457 1083 4517 exsurgunt
1095 4451 1134 4514 (n.
1147 4460 1223 4518 5291,
1236 4460 1312 4517 5335,
1325 4449 1402 4517 5708,

334 4579 425 4654 Quod
440 4581 642 4666 antiquissimi
659 4583 818 4638 habuerint
833 4585 1096 4643 arcanacaelestia
1115 4587 1144 4642 in
1161 4589 1301 4654 numeris,
1317 4591 1403 4663 quasi

282 4663 460 4724 computum
474 4653 711 4710 ecclesiasticum
725 4657 764 4722 (n.
780 4656 852 4726 575).
