3350 5366
269 607 378 660 NEMO
390 608 439 660 EX
449 608 671 670 luuspllmt
680 609 959 666 Mlssntcottntn
967 612 1007 662 IN
1018 612 1173 666 CAELUM
1183 611 1310 664 VENlT.
1324 615 1383 681 337

241 817 246 825 =
329 792 424 864 m·
454 776 555 860 Quod
574 779 785 862 impossibile
807 782 852 850 sit
874 782 992 849 indere
1015 783 1123 848 vitam
1145 782 1233 848 caeli
1252 784 1304 850 eis
1326 785 1382 865 qui

265 873 373 939 vitam
401 876 594 958 oppositam
621 878 713 942 vitae
736 877 822 945 caeli
854 878 888 942 in
919 878 1048 943 mundo
1074 887 1232 959 egerunt,
1263 880 1382 942 testari

238 1047 240 1056 y
265 990 405 1054 possum
417 992 467 1036 ex
485 970 597 1036 multa
611 972 836 1052 experientia.
882 971 1034 1039 Fuerunt
1050 975 1141 1040 enim
1156 974 1213 1054 qui
1228 973 1382 1040 credide·

265 1076 356 1140 runt,
376 1065 467 1148 quod
489 1065 588 1130 facile
607 1067 778 1148 recepturi
795 1075 915 1131 essent
938 1087 1019 1134 vera
1042 1066 1166 1132 Divina
1188 1076 1268 1148 post
1291 1087 1381 1134 mor·

266 1171 351 1236 tem,
374 1177 453 1228 cum
476 1159 618 1224 audiunt
641 1159 701 1226 illa
728 1160 774 1226 ab
796 1160 944 1241 angelis,
961 1170 1001 1228 et
1035 1161 1125 1244 quod
1144 1162 1320 1236 credituri,
1345 1173 1381 1228 et

265 1255 345 1321 iude
366 1255 458 1338 quod
477 1254 584 1320 aliter
605 1253 736 1330 visun,
751 1256 870 1330 etsie
898 1255 992 1348 quod
1015 1266 1158 1337 possent
1188 1257 1221 1322 in
1249 1256 1380 1324 caelari

265 1349 369 1432 recipi
386 1369 393 1412 :
418 1349 479 1412 sed
496 1350 561 1412 hoc
578 1358 753 1412 tentatum
769 1358 824 1414 est
844 1371 921 1413 cum
939 1350 1127 1432 permultis,
1144 1370 1261 1413 verum
1278 1351 1380 1414 modo

265 1442 394 1506 abillis
413 1444 469 1526 qui
488 1445 522 1506 in
541 1444 643 1508 simili
662 1444 728 1508 fide
747 1445 893 1519 fuerunt,
913 1445 1035 1526 quibus
1054 1445 1087 1508 id
1110 1446 1311 1526 permissum
1328 1456 1380 1508 est

265 1540 310 1602 ob
329 1558 467 1602 causam
491 1549 529 1602 ut
552 1540 679 1602 scirent
699 1541 790 1622 quod
813 1541 1025 1621 paenitentia
1043 1549 1123 1620 post
1143 1550 1288 1612 mortem
1314 1559 1380 1602 666

264 1635 373 1698 detur.
420 1632 567 1714 Quidam
591 1655 637 1696 ex
660 1634 739 1709 illis,
760 1654 836 1696 cum
856 1635 976 1717 quibus
996 1644 1169 1698 tentatum
1193 1645 1258 1708 est,
1278 1635 1380 1698 intel-

263 1729 426 1794 lexerunt
445 1749 536 1802 vera,
556 1739 592 1792 et
612 1730 675 1792 visi
695 1738 775 1794 sunt
790 1730 944 1809 recipere
964 1729 1049 1806 illa;
1074 1730 1135 1792 sed
1155 1729 1259 1801 illico,
1279 1739 1317 1792 ut
1336 1731 1379 1793 ad

262 1827 370 1888 vitam
386 1825 511 1906 amoris
531 1825 581 1886 sui
599 1817 754 1887 conversi
770 1833 861 1898 sunt,
880 1823 1068 1904 rejecerunt
1088 1824 1157 1896 illa,
1176 1827 1280 1886 immo
1298 1843 1379 1886 con·

262 1930 315 1986 tra
332 1919 397 1984 illa
419 1919 527 1984 locuti
548 1929 651 1982 sunt:
676 1919 815 2001 quidam
843 1920 964 1986 statim
997 1919 1195 2000 rejecerunt,
1220 1917 1379 1982 nolentes

263 2015 379 2078 audire
398 2013 477 2076 illa:
496 2013 636 2094 quidam
654 2013 847 2088 voluerunt,
868 2023 905 2080 ut
929 2014 1001 2078 vita
1015 2015 1155 2088 amoris,
1175 2031 1276 2095 quam
1296 2031 1379 2074 con-

262 2117 444 2172 traxerunt
468 2128 488 2170 e
511 2107 648 2180 mundo,
669 2105 736 2170 illis
755 2107 954 2182 auferretur,
974 2117 1010 2170 et
1033 2108 1111 2171 loco
1130 2108 1200 2187 ejus
1223 2107 1378 2170 infunde·

260 2213 355 2268 retur
376 2205 448 2268 vita
467 2202 635 2283 angelica,
656 2223 715 2266 seu
738 2204 810 2266 vita
829 2202 936 2280 caeli3
967 2201 1032 2266 hoc
1056 2223 1190 2285 quoque
1212 2219 1289 2267 cum
1313 2201 1379 2264 illis

262 2319 308 2364 ex
331 2298 554 2380 permissione
577 2294 704 2360 netum
725 2307 793 2368 est,
817 2297 878 2360 sed
900 2316 979 2360 cum
999 2299 1073 2360 vita
1096 2297 1221 2360 amoris
1243 2295 1377 2358 illorum

260 2392 380 2458 ablata
399 2403 466 2466 est,
483 2391 646 2472 jacebant
669 2393 758 2455 sicut
782 2393 919 2466 mortui,
939 2411 1009 2456 666
1033 2391 1179 2472 amplius
1198 2399 1378 2472 compotes

256 2490 323 2554 sui.
367 2487 426 2552 Ex
454 2487 518 2562 his,
538 2497 574 2551 et
604 2487 679 2552 aliis
702 2487 935 2568 experientiae
957 2488 1080 2560 modis,
1099 2485 1272 2567 simplices
1298 2485 1378 2548 boni

145 2573 150 2590 '
260 2581 417 2648 instructi
437 2593 516 2646 sunt
534 2583 625 2665 quod
649 2582 721 2645 vita
739 2581 879 2661 alicujus
898 2591 978 2664 post
997 2591 1143 2646 mortem
1161 2598 1377 2662 nequaquam

262 2679 387 2742 mutari
402 2679 532 2760 possit3
556 2687 592 2740 et
611 2678 702 2758 quod
718 2678 789 2740 vita
805 2675 899 2740 mala
918 2678 951 2742 in
970 2677 1109 2751 bonam,
1126 2697 1187 2740 seu
1202 2675 1377 2739 iniemalis

259 2775 295 2840 in
311 2775 516 2856 angelicam,
533 2773 729 2836 nullatenus
744 2773 924 2836 transcribi
942 2775 1051 2854 possit
1067 2794 1074 2850 ;
1097 2773 1257 2854 quoniam
1274 2791 1376 2836 unus·

261 2870 400 2951 quisque
417 2870 557 2951 spiritus
579 2889 600 2931 a
622 2869 738 2948 capite
758 2869 803 2930 ad
827 2867 958 2930 calcem
978 2877 1031 2930 est
1049 2867 1160 2949 qualis
1179 2867 1250 2948 ejus
1268 2885 1375 2940 amor,

261 2965 404 3044 proinde
426 2964 536 3046 qualis
566 2962 637 3044 ejus
667 2964 751 3038 vita,
776 2973 813 3026 et
842 2963 933 3045 quod
964 2963 1052 3026 hant
1078 2973 1312 3026 transmutare
1342 2965 1376 3025 in

261 3060 467 3141 oppositam,
487 3059 532 3120 sit
550 3077 688 3140 prorsus
707 3058 864 3139 spiritum
884 3057 1070 3120 destruere.
1115 3057 1246 3138 Angeli
1264 3057 1375 3120 saten-

260 3295 351 3352 Verbi
368 3299 486 3354 interno
500 3297 684 3368 intelligatur
696 3295 845 3350 Dominus
859 3296 959 3420 {troad
977 3291 1072 3366 ipsum
1084 3295 1230 3350 Divinum
1246 3307 1277 3352 et
1292 3295 1375 3350 Divi-

261 3383 331 3422 num
347 3367 521 3422 Humanum
534 3369 576 3436 (6.
593 3367 668 3436 1893,
680 3368 758 3435 4615,
771 3365 849 3436 6698,
886 3367 941 3435 185,
954 3365 1033 3432 6676,
1042 3365 1122 3433 6864,
1135 3367 1226 3434 6847).

362 3439 403 3496 66
417 3439 569 3494 Abraham
584 3439 734 3494 nesciatur
747 3438 874 3494 incaelo
888 3439 928 3506 (6.
944 3437 1019 3506 ¹8³4·
1036 3438 1110 3504 1876,
1125 3439 1216 3506 3229)-

344 3509 404 3566 666
430 3526 483 3580 per
504 3509 675 3566 “Davidem
687 3509 702 3527 ''
724 3509 909 3580 intelligatur
935 3506 1081 3572 Dominus
1105 3509 1204 3580 quoad
1232 3507 1373 3564 Divinum

262 3577 388 3654 Regium
404 3583 443 3649 (6.
460 3579 534 3641 1888,
549 3581 639 3648 9954).

273 3670 275 3678 ’
313 3649 403 3722 Quod
428 3651 589 3704 duodecim
617 3649 746 3720 apostoli
772 3649 1063 3719 repraesentaverint
1086 3648 1249 3703 Dominum
1271 3651 1373 3720 66666

259 3722 368 3846 6ξὲῑέ
379 3722 530 3858 espissiae,
543 3722 585 3778 ita
603 3736 681 3792 quae
698 3721 858 3778 sunufidei
875 3729 906 3776 et
925 3721 1036 3782 amoris
1055 3722 1281 3790 (6611193354.
1295 3721 1373 3789 3488,

297 3805 402 3934 ⁵Qudd
425 3861 531 3918 Petrus
550 3859 817 3932 repraesentaverit
833 3859 996 3918 Dominum
1012 3859 1110 3932 quoad
1131 3859 1228 3922 fidem,
1262 3863 1373 3918 acobus

260 3934 358 4059 ffiad
379 3933 564 3994 charitatem,
582 3934 643 3987 and
662 3931 815 4005 Jonannes
838 3933 938 4004 quoad
959 3947 1049 4002 opera
1068 3932 1222 3986 charitatis
1248 3949 1281 3986 n.
1295 3943 1372 4001 3750,

312 4075 402 4158 9666
413 4075 573 4130 duodecim
587 4074 728 4144 Apostoli
741 4074 849 4130 sessuri
859 4075 919 4128 sint
929 4090 1018 4144 super
1031 4073 1189 4128 duodecim
1203 4073 1329 4134 thronis,
1342 4084 1373 4128 et

258 4146 419 4216 judicaturi
428 4146 587 4200 duodecim
600 4145 695 4199 tribus
707 4143 831 4206 Israelis,
841 4143 996 4228 significet,
1007 4145 1086 4214 quod
1102 4143 1249 4198 Dominus
1259 4144 1373 4212 iudica-

259 4229 345 4271 turus
356 4218 398 4271 'sit
411 4217 576 4272 secundum
589 4232 661 4271 vera
670 4225 703 4269 et
714 4217 795 4270 bona
807 4216 876 4269 lider
889 4227 919 4270 et
932 4215 1041 4268 amoris
1055 4217 1094 4279 (n.
1109 4229 1187 4282 6169,
1199 4215 1291 4282 6397).

291 4308 296 4318 ·
312 4285 402 4358 Quod
414 4289 538 4344 nomina
550 4303 743 4358 personarum
756 4297 790 4353 ‚et
806 4287 939 4342 locorum
954 4287 984 4342 in
998 4285 1098 4342 Verbo
1111 4301 1171 4342 666
1183 4285 1372 4342 intrentcte·

260 4358 329 4420 lum,
343 4359 396 4412 sed
414 4369 572 4413 vertantur
590 4359 619 4413 in
639 4375 686 4412 res
704 4367 736 4412 et
754 4367 865 4420 status;
891 4367 922 4412 et
941 4356 1022 4428 quod
1038 4372 1093 4410 nec
1109 4357 1138 4410 in
1154 4355 1238 4410 caelo
1252 4355 1372 4416 nonunt

259 4427 408 4484 enuntiari
421 4429 538 4499 possint
551 4431 591 4498 (6.
609 4429 685 4494 1876,
699 4439 774 4498 5665,
787 4427 865 4496 6516,
883 4427 974 4490 16616,
991 4427 1083 4488 16686,
1100 4428 1205 4495 16436).
1267 4433 1272 4447 ·

260 4498 402 4640 &gum
417 4501 508 4638 6ῗί661
522 4499 618 4572 angeli
634 4497 768 4571 cogitent
777 4495 928 4554 abstinete
943 4513 960 4553 e
979 4496 1114 4568 personis
1131 4501 1170 4568 (6.
1187 4498 1263 4568 8545,
1277 4495 1373 4566 894568
