3350 5366
275 664 367 714 VITA
383 665 485 728 QUAE
504 661 620 716 DUCIT
637 664 690 714 AD
705 663 864 716 CAELUM
879 662 962 716 Non
978 662 1254 716 DlFFICILLlMA.
1302 663 1363 737 343

242 836 383 920 “lapis''
411 834 584 918 significat
615 835 778 901 Divinum
800 835 943 910 Verum,
968 841 1019 900 et'
1034 833 1171 916 “Lapis
1193 833 1364 899 'Israelis’'

241 932 426 998 Dominum
439 933 556 1015 quoad
569 932 733 996 Divinum
745 931 943 994 Hammon
956 952 964 1008 ;
991 935 1010 962 “
1021 929 1245 995 aedificantes
1253 929 1268 954 ''
1281 939 1362 995 sunt

240 1029 295 1108 qui
312 1028 356 1090 ab
371 1027 538 1104 ecclesia;
563 1031 584 1060 “
595 1036 699 1109 caput
713 1025 831 1108 anguli
842 1025 859 1052 ”'
870 1035 924 1090 est
943 1026 1000 1090 ubi
1016 1025 1168 1102 bivium
1191 1023 1339 1090 “cadere
1348 1022 1366 1047 ’¹

240 1134 277 1187 et
296 1121 517 1204 “confringi''
536 1131 590 1186 est
608 1125 738 1205 negare
757 1133 792 1186 et
809 1118 975 1205 pernes&
981 1121 989 1172 l
1216 1133 1221 1146 ·

302 1229 402 1301 535.
432 1217 544 1300 Loqui
562 1218 683 1282 datum
707 1228 764 1282 est
785 1237 861 1281 cum
885 1215 1054 1299 aliquibus
1082 1217 1120 1280 in
1147 1215 1259 1280 altera
1277 1216 1361 1290 vita,

239 1312 350 1394 quise
369 1322 589 1376 removerunt
608 1333 628 1376 a
647 1313 764 1376 mundi
779 1313 928 1394 negotiis
947 1322 985 1376 ut
1004 1312 1059 1392 pie
1078 1321 1113 1376 et
1133 1307 1253 1376 sancte
1267 1313 1361 1378 vive-

239 1416 342 1484 τοοκ
370 1416 406 1470 et
438 1427 573 1490 quoque
595 1427 674 1472 cum
695 1407 867 1490 aliquibus
895 1407 952 1490 qui
981 1427 1017 1470 se
1044 1405 1243 1472 afflixerunt
1260 1408 1362 1472 variis

239 1502 361 1578 modis,
382 1502 460 1584 qu'a
478 1503 700 1566 crediderunt
723 1502 818 1585 quod
838 1502 875 1566 id
896 1511 988 1566 esset
1006 1501 1166 1566 abdicare
1185 1501 1363 1576 mundum,

239 1615 279 1660 ac
303 1596 443 1662 domare
465 1597 767 1680 concupiscentias
790 1598 922 1674 earnm
954 1595 1193 1678 sed=plerrque
1213 1616 1260 1660 cx
1283 1596 1361 1672 illis,

238 1691 318 1772 quta
343 1691 425 1754 inde
446 1703 696 1756 contraxerunt
721 1694 828 1756 vitam
845 1694 993 1766 tristem,
1015 1711 1054 1756 ac
1081 1713 1119 1756 se
1142 1701 1362 1758 removerunt

238 1807 260 1848 a
274 1787 346 1850 vita
362 1787 552 1862 charitatis,
567 1809 658 1870 quae
670 1789 744 1850 vita
759 1808 829 1851 non
845 1797 963 1870 potest
979 1806 1082 1869 quam
1098 1788 1132 1850 in
1149 1788 1277 1852 mundo
1294 1788 1361 1868 agi,

238 1901 307 1944 non
332 1891 479 1962 possunt
502 1884 694 1946 consociari
717 1882 863 1964 angelis,
888 1883 966 1964 quia
988 1884 1060 1946 vita
1083 1881 1284 1964 angelorum
1308 1892 1361 1946 est

239 1975 333 2040 laeta
366 1999 412 2040 ex
440 1978 667 2052 beatitudine,
692 1988 729 2042 et
760 1977 979 2042 consistitis
1006 1978 1107 2042 bonis
1135 1978 1360 2060 praestandis,

237 2091 323 2154 quae
343 2083 422 2136 sunt
442 2093 551 2154 opera
567 2073 759 2136 charitatis:
784 2083 820 2136 et
839 2081 1018 2154 praeterea
1033 2073 1084 2136 illi
1100 2074 1156 2154 qui
1174 2074 1284 2136 vitam
1300 2073 1361 2136 ab·

238 2165 403 2230 stradlam
434 2189 455 2230 a
485 2169 669 2231 mundanis
695 2178 853 2250 egerunt,
878 2168 1028 2249 flagrant
1055 2169 1191 2242 merito,
1216 2177 1253 2230 et
1281 2168 1360 2231 inde

239 2264 401 2326 continue
425 2265 567 2344 cupiunt
591 2263 736 2337 caelum,
757 2274 793 2326 et
817 2265 978 2344 cogitant
1001 2263 1043 2325 de
1067 2263 1194 2344 gaudio
1218 2262 1361 2326 caelesti

238 2367 275 2422 ut
294 2359 466 2432 mercede,
488 2379 624 2440 prorsus
645 2378 713 2422 non
733 2360 885 2422 scientes
903 2359 984 2440 quid
1002 2359 1166 2438 gaudium
1185 2358 1359 2424 caeleste:

239 2463 273 2514 et
298 2473 400 2534 quum
425 2455 514 2516 inter
537 2453 693 2534 angelos,
715 2461 750 2516 et
782 2455 815 2515 in
840 2471 957 2515 eorum
981 2453 1143 2534 gaudium
1164 2454 1360 2528 mittuntur,

238 2549 329 2628 quod
346 2557 399 2610 est
417 2548 545 2630 absque
564 2547 698 2624 merito,
717 2558 754 2612 et
772 2548 933 2612 consistit
954 2549 987 2610 in
1005 2547 1179 2610 exercitiis
1196 2558 1231 2610 et
1251 2549 1359 2610 mani-

237 2641 336 2706 festis
357 2641 490 2715 officiis,
514 2661 554 2706 ac
588 2641 622 2704 in
650 2641 866 2706 beatitudine
896 2663 941 2706 ex
971 2641 1064 2706 bono
1093 2641 1183 2724 quod
1213 2663 1273 2724 per
1302 2641 1361 2706 illa

238 2745 428 2816 praestant,
448 2737 615 2800 mirantur
632 2737 721 2800 sicut
737 2739 795 2822 qui
811 2737 930 2800 vident
947 2737 1060 2800 aliena
1080 2757 1099 2799 a
1118 2735 1207 2803 fide:
1231 2739 1361 2822 etquis

238 2849 307 2896 non
326 2831 546 2914 receptibiles
566 2841 646 2894 sunt
670 2831 760 2896 illius
779 2833 908 2916 gaudii,
928 2831 1123 2908 discedunt,
1143 2841 1178 2896 et
1202 2834 1360 2896 consoci-

237 2936 337 2988 antur
354 2927 432 3000 suis,
447 2928 502 3008 qui
519 2927 552 2989 in
569 2925 671 2993 simili
688 2927 760 2990 vita
773 2927 907 2992 luerunt
924 2927 957 2990 in
975 2927 1113 2990 mundo.
1159 2925 1214 2992 Illi
1230 2938 1358 3004 autem,

236 3021 292 3103 qui
311 3021 345 3083 in
365 3023 518 3084 externis
537 3019 656 3084 sancte
675 3023 847 3097 vixerunt,
865 3023 1031 3086 continue
1049 3025 1085 3085 in
1102 3022 1252 3106 templis,
1270 3033 1307 3087 et
1326 3024 1358 3085 in

237 3115 395 3196 precibus
415 3115 471 3191 ibi,
490 3127 526 3180 et
546 3116 602 3199 qui
621 3116 819 3181 afflixerunt
839 3117 970 3180 animas
990 3135 1079 3192 suas,
1097 3125 1132 3180 et
1152 3117 1252 3182 simul
1268 3115 1358 3200 jugi-

237 3223 290 3276 ter
308 3211 551 3292 cogitaveruot
575 3212 618 3276 de
642 3233 690 3286 se,
710 3213 801 3294 quod
826 3233 908 3293 prae
926 3212 1002 3276 aliis
1025 3214 1073 3276 sic
1093 3211 1300 3276 aestimandi
1323 3221 1359 3275 et

237 3305 440 3378 honorandi,
461 3317 496 3370 et
521 3307 663 3370 tandem
688 3327 750 3390 pro
774 3305 901 3372 sanclis
924 3307 1073 3370 habendi
1097 3319 1177 3388 post
1199 3318 1357 3382 mortem,

236 3398 287 3463 illl
310 3401 343 3463 in
367 3399 478 3464 altera
500 3401 573 3465 vita
596 3421 665 3464 non
697 3401 730 3464 in
754 3403 853 3465 caelo
876 3411 967 3477 sunt,
992 3403 1070 3484 quia
1098 3403 1181 3465 talia
1204 3402 1363 3490 lecerunt

236 3505 378 3578 propter
401 3517 459 3574 se;
491 3505 528 3560 et
551 3497 629 3578 quia
651 3507 968 3578 conspurcaverunt
992 3497 1116 3562 Divina
1139 3518 1220 3562 vera
1242 3517 1358 3560 amore

236 3592 298 3666 sui,
316 3591 369 3653 cui
389 3591 628 3654 immerserunt
648 3591 717 3666 illa,
736 3593 874 3674 quidam
894 3610 939 3655 ex
958 3593 1026 3656 illis
1046 3601 1119 3655 tam
1137 3592 1247 3654 insani
1265 3601 1356 3665 sunt,

236 3695 274 3752 ut
288 3707 325 3752 se
342 3687 500 3768 cogitent
514 3686 599 3750 deos
616 3707 691 3750 esse
707 3708 714 3764 ;
738 3697 948 3772 quapropter
964 3689 1054 3752 inter
1070 3687 1160 3752 tales
1176 3689 1208 3752 in
1225 3687 1357 3752 inferno

234 3791 325 3845 sunt.
371 3779 520 3862 Quidam
539 3782 648 3844 astuti
667 3790 703 3844 et
721 3782 835 3846 dolosi
854 3793 946 3856 sunt,
968 3803 1007 3846 ac
1032 3784 1065 3846 in
1085 3783 1285 3848 dolosorum
1304 3785 1357 3846 in-

235 3875 347 3952 semis,
368 3877 425 3958 qui
453 3886 534 3940 sunt
554 3878 610 3958 qui
629 3876 714 3940 talia
732 3898 792 3960 per
811 3887 904 3941 artes
923 3887 958 3940 et
978 3879 1126 3941 astutias
1145 3877 1298 3942 iecerunt
1323 3879 1356 3940 in

234 3979 382 4034 externa
397 3971 516 4046 forma,
531 3992 592 4054 per
607 3993 692 4054 quas
709 3973 920 4042 induxerunt
938 3973 1061 4054 vulgus
1078 3974 1218 4038 credere
1237 3975 1270 4035 in
1289 3973 1357 4036 illis

233 4062 456 4130 sanctitatem
477 4065 637 4130 Divinam
657 4087 743 4131 esse.
789 4067 895 4131 Tales
918 4077 998 4132 sunt
1022 4067 1135 4150 plures
1158 4089 1204 4132 ex
1227 4065 1357 4132 sanctis

626 4265 674 4315 [(ικ
688 4275 785 4306 arcanis
797 4265 968 4318 casimansi]

287 4365 352 4434 (dd)
379 4363 469 4437 Quod
484 4372 499 4394 ‘¹
508 4365 583 4436 lapis
592 4365 607 4386 ”
620 4365 768 4436 significet
780 4383 884 4421 verum
899 4370 939 4436 (n.
953 4381 1010 4433 114,
1021 4367 1082 4435 643,
1096 4366 1171 4435 1298,
1185 4379 1262 4436 3720,
1275 4367 1354 4433 6426,

235 4435 460 4578 ngcillle'o
475 4505 534 4560 Lex
551 4507 694 4576 inscripta
707 4506 796 4561 luerit
811 4507 923 4561 tabulis
937 4523 1013 4577 quae
1026 4523 1063 4561 ex
1076 4508 1176 4578 lapide
1191 4511 1231 4576 (n.
1248 4509 1354 4576 10376).

287 4585 302 4605 ‘¹
311 4575 560 4701 Lassls.¹⁵f²²¹l⁵''
574 4577 654 4646 quod
676 4579 715 4632 sit
736 4577 883 4631 Dominus
902 4579 1002 4648 quoad
1024 4577 1167 4634 Divinum
1186 4579 1307 4642 Verum,
1322 4589 1353 4634 et

233 4647 331 4716 quoad
378 4661 490 4700 rvrnum
506 4645 680 4701 Humanum
697 4651 736 4716 (n.
750 4647 842 4716 6426).
