3408 5358
293 627 356 694 280
618 640 669 694 nn
691 639 818 694 cuano
836 641 885 694 ar
907 639 1089 694 INFERNO.

293 811 383 894 quod
402 811 531 888 vivant,
551 822 587 878 et
609 814 701 900 quod
730 813 799 878 sint
821 812 978 878 homines
996 831 1102 894 aeque
1131 831 1171 876 ac
1199 811 1301 894 prius,
1321 810 1413 894 quod

293 905 444 982 videant,
462 908 602 972 audiant
618 917 654 972 et
673 907 868 992 loquantur,
885 917 921 972 et
940 907 1031 990 quod
1046 925 1168 988 corpus
1185 926 1301 972 eorum
1318 903 1413 972 tactu

294 1000 424 1082 polleat
440 1002 529 1066 sicut
548 1004 650 1086 prius,
670 1013 706 1070 et
725 1003 815 1086 quod
832 1023 969 1084 prorsus
988 1001 1071 1066 nihil
1087 1000 1220 1066 differat
1242 1000 1408 1085 (videatur

292 1115 404 1178 supra,
425 1115 457 1160 n.
481 1095 557 1179 74):
589 1099 650 1161 sed
674 1117 751 1162 cum
775 1107 913 1162 cessant
937 1118 973 1160 se
997 1098 1121 1170 mirari,
1142 1097 1221 1160 dein
1245 1097 1413 1160 mirantur

292 1191 384 1273 quod
402 1193 550 1258 ecclesia
565 1193 648 1256 nihil
666 1193 754 1258 sciat
773 1193 817 1258 de
836 1191 898 1258 tali
916 1201 1011 1258 statu
1028 1193 1203 1256 hominum
1222 1201 1301 1272 post
1320 1210 1412 1254 mor·

293 1297 375 1363 tem,
395 1287 445 1352 ita
464 1307 527 1352 nec
547 1287 590 1352 de
608 1287 707 1354 caelo
723 1296 759 1352 et
775 1287 918 1364 inferno,
938 1307 1015 1352 cum
1034 1297 1152 1350 tamen
1171 1306 1292 1352 omnes
1308 1294 1411 1368 quot,-

293 1401 427 1464 cunque
449 1383 484 1446 in
503 1381 632 1447 mundo
647 1385 819 1458 vixerunt,
839 1383 873 1446 in
896 1382 1008 1448 altera
1025 1383 1097 1446 vita
1119 1391 1209 1456 sunt,
1230 1401 1269 1446 ac
1292 1381 1412 1446 vivunt

293 1477 459 1542 homines.
504 1477 552 1542 Et
568 1479 647 1561 quia
662 1479 767 1544 etiam
784 1477 994 1544 mirabantur
1011 1497 1069 1544 cur
1083 1477 1149 1542 hoc
1166 1497 1236 1542 non
1252 1475 1412 1542 manifes-

293 1582 405 1638 tatum
420 1572 519 1638 fuerit
538 1573 668 1640 homini
695 1595 754 1656 per
777 1573 936 1649 visiones,
956 1573 1035 1654 quia
1060 1573 1095 1636 id
1124 1572 1311 1638 essentiale
1333 1570 1412 1635 fidei

293 1668 460 1732 ecclesiae
479 1679 543 1744 est,
563 1666 692 1734 dietum
715 1679 769 1734 est
792 1669 860 1734 illis
881 1689 900 1732 e
923 1668 1021 1732 caelo
1037 1669 1126 1750 quod
1150 1667 1216 1732 hoc
1240 1667 1411 1750 potuisset

293 1760 372 1835 fieri,
394 1782 474 1828 nam
493 1761 576 1827 nihil
595 1763 725 1828 facilius
748 1775 802 1830 est
825 1781 927 1846 quum
947 1762 1097 1826 Domino
1115 1760 1330 1845 beneplacet,
1350 1761 1413 1826 sed

293 1857 385 1940 quod
408 1878 513 1940 usque
537 1879 605 1922 non
628 1859 790 1922 credituri
813 1853 942 1932 essent,
967 1858 1023 1940 qui
1047 1879 1083 1922 se
1114 1859 1148 1920 in
1174 1857 1267 1922 falsis
1290 1867 1413 1922 contra

292 1951 352 2018 illa
370 1952 669 2040 confirmaverunt,
687 1953 822 2018 etiamsi
844 1953 908 2035 ipsi
927 1953 1028 2018 visuri
1045 1975 1053 2030 ;
1077 1963 1150 2016 tum
1170 1953 1261 2036 quod
1281 1953 1411 2036 pericu·

293 2047 404 2114 losum
423 2050 467 2112 sit
486 2048 613 2131 aliquid
633 2069 692 2130 per
711 2049 859 2112 visiones
875 2047 1076 2114 confirmare
1095 2048 1185 2130 apud
1204 2047 1283 2112 illos
1301 2048 1358 2130 qui
1376 2048 1411 2112 in

292 2141 384 2206 falsis
404 2151 495 2220 sunt,
512 2145 590 2226 quia
608 2145 656 2210 sic
676 2145 820 2226 primum
836 2143 996 2208 credituri
1012 2151 1140 2218 essent,
1158 2153 1193 2206 et
1211 2153 1334 2224 postea
1352 2163 1410 2207 ne·

293 2239 415 2320 gaturi,
429 2259 468 2302 ac
485 2240 535 2304 ita
549 2239 658 2320 ipsum
675 2237 757 2302 illud
773 2257 890 2302 verum
904 2237 1122 2319 profanaturi,
1137 2258 1215 2302 nam
1232 2237 1411 2320 profanare

293 2343 348 2398 est
368 2333 506 2400 credere
530 2344 565 2398 et
589 2344 712 2414 postea
731 2353 879 2415 negare;
910 2341 947 2396 et
969 2333 1025 2414 qui
1049 2333 1231 2416 profanant
1249 2353 1342 2410 vera,
1362 2332 1411 2398 illi

293 2431 326 2492 in
346 2431 497 2494 omnium
516 2429 721 2494 infernorum
740 2427 891 2494 infimum
911 2438 946 2492 et
965 2429 1202 2508 gravissimum
1222 2428 1411 2492 detrudun-

178 2593 183 2603 ,
294 2521 393 2590 turn>
440 2523 517 2588 Hoc
537 2523 724 2606 periculum
754 2533 820 2600 est,
841 2523 931 2606 quod
954 2523 1161 2605 intelligitur
1183 2543 1244 2606 per
1272 2523 1411 2588 Domini

293 2619 409 2696 verba,

343 2753 527 2804 “Excaecavit
549 2755 642 2802 oculos
662 2767 764 2813 eorum,
781 2763 810 2802 et
832 2753 976 2803 obduravit
994 2752 1102 2802 1¹Jeorda
1120 2767 1223 2812 eorum,
1242 2767 1277 2802 ne
1301 2753 1412 2802 videant

424 2820 508 2935 ppiulia
516 2829 545 2946 ft
554 2819 707 2882 intelligant
716 2819 804 2878 corde,
812 2829 840 2868 at
848 2834 909 2870 sese
918 2827 1086 2878 convertant,
1096 2828 1124 2869 et
1135 2833 1231 2870 sanem
1242 2819 1302 2869 illos
1311 2817 1325 2838 '¹
1335 2817 1411 2884 (Joh.

464 2923 470 2936 .
482 2898 516 2946 40
534 2901 540 2934 z

685 3055 731 3108 un
744 3066 841 3098 uacua
852 3057 1026 3109 nummu

349 3150 392 3219 (h)
417 3147 506 3222 Quod
521 3147 689 3220 profanatio
699 3149 738 3204 sit
747 3148 923 3204 commixtio
932 3147 1003 3204 boni
1016 3157 1048 3204 et
1061 3149 1139 3210 mali,
1149 3159 1214 3202 tum
1225 3148 1288 3204 veri
1301 3159 1333 3204 et
1346 3147 1412 3204 falsi

294 3221 375 3292 apud
389 3220 542 3275 hominem
557 3221 597 3288 (n.
607 3219 699 3288 6348).

348 3289 437 3364 Quod
458 3289 613 3361 profanare
627 3306 730 3346 verum
746 3299 777 3346 et
792 3290 913 3352 bonum,
926 3306 979 3346 seu
994 3287 1097 3346 sanita
1109 3289 1200 3344 Verbi
1215 3299 1247 3346 et
1259 3289 1411 3352 ecclesiae,

295 3377 355 3418 non
366 3362 482 3433 possint
494 3361 545 3416 alii
557 3377 647 3431 quarn
658 3361 710 3432 qui
724 3361 851 3434 primum
865 3371 1032 3432 agnoscunt
1042 3361 1100 3422 illa,
1113 3377 1148 3414 ac
1161 3361 1256 3434 magis
1268 3361 1292 3416 si
1306 3361 1413 3417 vivunt

294 3433 459 3488 secundum
474 3433 532 3494 illa,
544 3448 580 3488 ac
596 3443 701 3503 postea
716 3431 861 3488 recedunt
876 3448 894 3486 a
909 3431 976 3494 fide,
990 3441 1101 3502 negant
1118 3431 1176 3492 illa,
1189 3447 1224 3485 ac
1236 3431 1344 3486 vivunt
1356 3431 1413 3486 sibi

294 3514 326 3560 et
339 3504 452 3558 mundo
463 3505 503 3573 (n.
516 3515 574 3574 593,
590 3503 754 3565 1008,1010,
771 3515 847 3572 1059,
862 3502 939 3572 3398,
954 3517 1031 3572 3399,
1047 3501 1124 3572 3898,
1134 3501 1213 3572 4289,
1226 3502 1305 3568 4601,
1319 3503 1412 3569 10284,

298 3575 485 3700 102}{)}.¹0m0
495 3653 563 3715 post
564 3644 789 3768 <paenitentiam
804 3643 904 3698 cordis
916 3645 953 3698 ad
968 3643 1046 3697 mala
1058 3643 1158 3713 priora
1170 3643 1321 3707 relabitur,
1331 3643 1413 3714 quod

295 3715 440 3800 prpfanet,
453 3724 484 3770 et
502 3731 563 3785 quo
602 3725 675 3769 tunc
693 3725 790 3770 status
808 3715 874 3785 ejus
893 3714 1043 3785 posterior
1061 3713 1114 3768 fiat
1138 3715 1224 3785 pejor
1248 3725 1329 3770 statu
1348 3715 1414 3784 ejus

295 3789 440 3941 prugbdd
452 3787 611 3910 dfffdntta
623 3872 684 3940 non
699 3855 855 3926 profanare
868 3855 995 3926 possint,
1008 3855 1060 3926 qul
1076 3872 1137 3910 non
1153 3866 1342 3928 agnoverunt
1355 3856 1413 3916 illa,

295 3927 761 4123 ¹¹¹¹¹¹9¹¹33t¹0¹2a³t¹llt¹ltt
769 3927 1338 4060 trulla?tantillitati.
1352 4013 1414 4052 ποι,

296 4081 349 4140 pro
363 4085 452 4124 anare
466 4069 582 4139 possint
597 4071 636 4134 (n.
657 4081 731 4137 1327,
748 4069 824 4137 1328,
838 4081 916 4136 ²05¹·
930 4067 1026 4136 2081[?
1040 4067 1143 4137 22⁸⁴l)·

348 4139 438 4211 Quod
458 4139 528 4194 ideo
545 4137 668 4210 Judaeis
687 4155 748 4193 non
767 4137 888 4192 detefia
905 4137 1018 4193 fuerint
1044 4139 1186 4195 interiora
1202 4154 1283 4200 vera,
1299 4153 1369 4194 nam
1388 4138 1412 4193 si

199 4245 202 4252 ,
295 4209 415 4266 detecta
432 4221 464 4265 et
478 4209 581 4282 agnita
596 4208 731 4272 fuissent,
743 4209 982 4280 profanavisaent
995 4208 1046 4264 illa
1061 4212 1102 4279 (n.
1119 4209 1197 4280 3398,
1214 4209 1311 4280 3489[?
1322 4208 1414 4278 4289]‚

296 4283 388 4351 ⁶9⁶3)-

349 4351 438 4424 Quod
452 4367 517 4407 sora
529 4350 755 4422 profanatorum
768 4349 799 4404 in
812 4351 906 4405 altera
917 4350 980 4405 vita
991 4349 1127 4405 omnium
1141 4351 1271 4421 pessima
1283 4350 1331 4412 sit,
1344 4349 1416 4422 quia

297 4425 409 4478 bonum
428 4431 460 4477 et
477 4437 590 4483 varum,
609 4436 686 4492 quae
704 4431 901 4494 agnoverunt,
917 4431 1048 4482 manent,
1064 4431 1096 4476 et
1114 4437 1234 4492 quoque
1253 4421 1366 4475 malum
1384 4431 1415 4476 et

297 4495 418 4556 falsum
436 4503 468 4548 et
479 4491 550 4564 quia
561 4491 732 4554 cohaerent,
745 4491 780 4546 fit
792 4491 954 4562 discerptio
966 4492 1047 4546 vitae
1061 4495 1102 4562 (n.
1118 4503 1176 4561 57¹,
1192 4492 1250 4560 582,
1263 4489 1356 4560 6348).

349 4564 438 4689 guod
453 4563 523 4618 ideo
538 4577 556 4616 a
572 4562 705 4618 Domino
717 4562 845 4618 maxime
862 4563 1061 4634 provideatur,
1075 4579 1112 4618 ne
1128 4561 1179 4617 flat
1192 4562 1361 4634 profanatio
1374 4563 1415 4630 (n.

299 4650 348 4702 242

369 4676 375 4698 .
392 4633 503 4704 10384[?
519 4633 637 4702 10287D·
