3408 5358
581 649 673 714 Qum
697 649 854 704 uuuous
877 650 1093 704 srmr‘ruuu.
1338 639 1398 720 265

278 830 334 886 ast
363 831 529 904 quantum
559 841 641 886 vera
672 842 759 905 quae
787 818 985 886 intelledius
1015 842 1084 886 non
1115 819 1297 904 conjuncia
1319 834 1400 888 sunt

278 917 377 980 bonis
400 937 486 1000 quae
505 915 707 992 voluntatis,
727 925 862 980 tantum
886 917 993 982 homo
1021 919 1056 982 in
1079 925 1174 980 statu
1196 919 1311 982 medio
1333 929 1399 984 est.

279 1011 365 1076 Fere
385 1011 614 1094 unusquisque
633 1010 739 1076 homo
761 1011 864 1076 hodie
893 1013 926 1074 in
956 1011 1019 1075 tali
1042 1021 1137 1076 statu
1160 1023 1225 1088 est,
1245 1021 1283 1076 ut
1313 1014 1400 1078 sciat

278 1127 368 1180 vera,
389 1117 425 1170 et
448 1127 494 1170 ex
517 1107 663 1170 scientia
685 1116 722 1170 et
746 1126 880 1190 quoque
903 1127 948 1169 ex
971 1104 1153 1170 intelledtu
1171 1108 1305 1189 cogitet
1328 1107 1398 1181 illa,

277 1210 312 1264 et
329 1201 385 1265 vel
405 1201 509 1265 saciat
527 1201 674 1266 multum
696 1221 741 1264 ex
760 1201 839 1276 illis,
859 1200 916 1264 vel
934 1221 1053 1284 parum
1076 1222 1122 1266 ex
1141 1201 1220 1277 illis,
1240 1201 1296 1266 vel
1315 1202 1400 1266 nihil

277 1315 323 1358 ex
342 1295 419 1372 illis,
439 1295 495 1360 vel
518 1305 640 1360 contra
662 1295 722 1360 illa
744 1317 790 1360 ex
813 1315 929 1360 amore
952 1296 1032 1360 mali
1055 1306 1091 1360 et
1113 1297 1194 1362 inde
1217 1295 1283 1360 fide
1301 1297 1399 1374 lalsi3

277 1391 356 1456 ideo
375 1401 412 1456 ut
430 1393 474 1456 sit
494 1392 526 1456 ei
544 1391 600 1456 vel
619 1391 752 1456 caelum
771 1391 827 1456 vel
846 1392 1025 1468 infernum,
1046 1392 1190 1472 primum
1209 1402 1289 1474 post
1308 1411 1399 1456 mor·

277 1495 349 1550 tem
368 1487 566 1569 perducitur
583 1487 617 1550 in
637 1487 800 1551 mundum
819 1488 1009 1569 spirituum,
1030 1507 1070 1550 ac
1083 1487 1129 1550 ibi
1147 1486 1186 1550 fit
1205 1485 1400 1568 conjunctio

277 1581 358 1645 boni
378 1590 413 1646 et
430 1581 503 1644 veri
521 1579 590 1645 illis
606 1581 662 1663 qui
681 1581 841 1646 elevandi
856 1591 937 1646 sunt
956 1582 990 1644 in
1010 1580 1156 1656 caelum,
1174 1601 1214 1646 ac
1234 1581 1398 1662 conjunc·

278 1675 329 1738 tio
358 1674 440 1738 mali
470 1684 506 1740 et
539 1675 615 1738 salsi
645 1675 794 1757 illisqui
824 1675 1028 1757 conjiciendi
1056 1685 1137 1738 sunt
1166 1677 1200 1739 in
1219 1675 1399 1742 infernum.

277 1768 367 1832 Nam
399 1789 468 1834 non
498 1768 582 1833 licet
605 1769 707 1834 alicui
737 1771 770 1834 in
800 1770 910 1846 caelo,
931 1790 995 1834 nec
1025 1771 1058 1834 in
1089 1769 1234 1846 inferno,
1255 1771 1399 1834 divisam

276 1863 404 1928 habere
427 1877 592 1940 mentem,
617 1883 740 1946 nempe
763 1865 856 1928 aliud
883 1865 1077 1946 intelligere
1107 1875 1143 1929 et
1174 1865 1266 1928 aliud
1296 1865 1398 1940 velle,

276 1960 338 2023 sed
356 1961 448 2042 quod
467 1959 540 2022 vult
560 1959 625 2024 hoc
645 1959 830 2042 intelliget,
849 1969 884 2024 et
903 1961 995 2042 quod
1011 1959 1177 2042 intelligit
1196 1960 1262 2024 hoc
1281 1960 1398 2038 volet;

277 2075 381 2137 quare
400 2056 434 2120 in
454 2055 554 2118 caelo
572 2056 628 2136 qui
647 2054 723 2118 vult
742 2056 872 2118 bonum
891 2055 1067 2137 intelliget
1087 2075 1216 2130 verum,
1237 2056 1327 2118 acin
1347 2055 1398 2116 in-

275 2148 373 2214 ferno
384 2153 440 2232 qui
453 2150 527 2214 vult
540 2149 670 2213 malurn
682 2149 857 2231 intelliget
873 2150 995 2214 salsum
1010 2169 1018 2209 ι
1038 2151 1118 2214 ideo
1127 2149 1218 2232 apud
1230 2151 1341 2212 bonos
1353 2149 1399 2212 ibi

275 2255 496 2310 removentur
515 2244 601 2308 salsa
619 2265 660 2308 ac
679 2246 805 2310 dantur
823 2266 905 2308 vera
922 2245 1016 2308 bono
1035 2244 1170 2308 illorum
1187 2245 1398 2308 convenien-

276 2339 325 2404 tia
343 2351 379 2404 et
402 2340 611 2418 conformia3
638 2360 678 2404 ac
702 2341 749 2404 ibi
771 2341 861 2422 apud
881 2339 992 2404 malos
1009 2349 1230 2403 removentur
1249 2360 1340 2414 vera,
1357 2359 1398 2404 ac

276 2436 401 2498 dantur
416 2435 503 2498 falsa
521 2435 614 2498 malo
630 2434 764 2500 illorum
781 2436 1025 2500 convenientia
1042 2443 1079 2498 et
1098 2434 1296 2498 conformia.
1341 2434 1399 2498 Ex

275 2530 327 2594 his
347 2539 457 2612 patet,
478 2530 558 2613 quid
578 2531 727 2594 mundus
745 2530 934 2612 spirituum.

338 2625 439 2708 426.
470 2625 509 2688 In
538 2625 666 2690 mundo
696 2626 876 2706 spirituum
906 2633 961 2688 est
988 2624 1110 2706 ingens
1129 2643 1300 2700 numerus,
1320 2625 1399 2706 quia

276 2720 322 2784 ibi
340 2729 395 2784 est
414 2721 543 2801 primus
562 2730 753 2784 conventus
772 2721 935 2795 omnium,
956 2729 993 2783 et
1012 2721 1058 2784 ibi
1077 2719 1304 2800 explorantur
1323 2739 1397 2782 om·

276 2835 347 2892 nes,
368 2824 405 2878 et
427 2825 687 2897 praeparantur.
732 2815 811 2878 Non
830 2824 885 2880 est
908 2813 998 2878 fixus
1021 2816 1188 2878 terminus
1207 2815 1398 2878 durationis

275 2910 410 2974 illorum
433 2910 479 2974 ibi
491 2931 500 2988 ;
530 2911 668 2992 quidam
688 2910 792 2974 modo
811 2911 943 2974 intrant
963 2909 1070 2984 illum,
1091 2919 1127 2974 et
1150 2928 1236 2973 mox
1258 2908 1313 2972 vel
1336 2930 1397 2972 au·

275 3004 427 3069 seruntur
449 3006 483 3068 in
507 3005 652 3081 caelum,
676 3004 733 3070 vel
755 3003 959 3084 dejiciuntur
981 3006 1015 3068 in
1038 3004 1226 3082 infernum3
1257 3005 1398 3086 quidam

276 3111 479 3183 permanent
495 3103 541 3164 ibi
557 3102 662 3166 modo
678 3101 722 3164 ad
739 3101 972 3182 septimanas;
992 3101 1130 3182 quidam
1146 3100 1190 3163 ad
1207 3099 1321 3182 plures
1332 3119 1396 3162 an·

276 3215 348 3272 nos,
362 3197 424 3260 sed
441 3216 510 3262 non
530 3196 619 3260 ultra
635 3196 799 3277 triginta:
824 3195 1016 3258 durationis
1033 3195 1223 3258 varietates
1238 3195 1397 3258 existunt

275 3313 320 3354 ex
339 3292 647 3373 correspondentia
666 3301 702 3354 et
715 3310 791 3368 ¹non
811 3291 1120 3372 correspondentia
1142 3291 1340 3354 interiorum
1361 3299 1397 3354 et

275 3387 487 3451 exteriorum
509 3387 601 3468 apud
627 3385 813 3450 hominem.
858 3385 927 3450 Sed
951 3385 1125 3467 quomodo
1143 3384 1249 3448 homo
1272 3385 1306 3448 in
1336 3384 1397 3448 illo

276 3481 404 3544 mundo
426 3482 471 3546 ab
493 3503 562 3546 uno
581 3491 677 3546 statu
698 3481 732 3544 in
755 3480 903 3546 alterum
926 3481 1133 3562 perducitur,
1153 3489 1190 3544 et
1213 3501 1397 3563 praepara·

275 3586 342 3654 tur,
366 3578 399 3640 in
419 3576 641 3658 sequentibus
660 3577 803 3640 dicetur.

337 3683 433 3752 427·
463 3670 633 3734 Homines
663 3679 743 3752 post
776 3670 921 3744 obitum,
952 3669 1138 3752 utprimum
1170 3669 1205 3732 in
1235 3671 1398 3734 mundum

275 3765 454 3846 spirituum
477 3766 632 3840 veniunt,
656 3786 677 3828 a
702 3764 854 3828 Domino
877 3763 982 3845 probe
1005 3764 1282 3845 distinguuntur:
1317 3765 1398 3828 mali

275 3861 394 3924 statim
407 3859 594 3941 alligantur
606 3859 766 3924 societati
779 3859 933 3922 infernali
949 3860 982 3922 in
996 3880 1063 3941 qua
1075 3859 1209 3924 suerunt
1223 3860 1257 3923 in
1270 3860 1399 3923 mundo

275 3955 387 4038 quoad
407 3975 559 4018 amorem
578 3965 807 4036 regnantem;
834 3974 874 4018 ac
897 3955 978 4018 boni
996 3955 1117 4018 statim
1136 3953 1322 4035 alligantur
1340 3974 1397 4017 so·

276 4049 395 4113 cietati
426 4049 572 4114 caelesti
602 4051 637 4114 in
667 4071 734 4132 qua
765 4051 870 4114 etiam
893 4040 1029 4112 suerunt
1064 4050 1099 4112 in
1130 4049 1258 4112 mundo
1285 4049 1399 4129 quoad

275 4165 440 4221 amorem,
465 4145 671 4210 charitatem
700 4156 736 4212 et
766 4145 879 4210 fidem.
924 4144 975 4208 At
1005 4144 1147 4208 tametsi
1174 4143 1223 4208 ita
1246 4141 1398 4208 distincti

276 4250 368 4316 sunt,
386 4261 491 4323 usque
511 4241 544 4304 in
561 4240 622 4304 illo
641 4241 771 4304 mundo
786 4241 1009 4314 conveniunt,
1026 4259 1065 4302 ac
1085 4239 1176 4301 inter
1195 4257 1232 4300 se
1252 4237 1397 4320 loquun-

276 4347 332 4400 tur
354 4355 486 4412 omnes,
510 4335 649 4418 quando
671 4337 880 4408 desiderant,
904 4335 960 4416 qui
983 4334 1142 4396 amiciet
1167 4333 1240 4396 noti
1263 4332 1399 4396 suerunt

276 4432 310 4494 in
329 4431 401 4495 vita
417 4432 581 4513 corporis,
599 4451 726 4496 uxores
745 4441 780 4494 et
800 4430 914 4494 mariti
933 4429 1108 4509 imprimis,
1126 4437 1161 4490 et
1181 4447 1315 4510 quoque
1331 4427 1398 4492 sra-

277 4535 349 4589 tres
371 4535 407 4590 et
431 4545 576 4590 sorores.
621 4524 704 4590 Vidi
727 4533 862 4605 patrem
885 4523 1039 4586 locutum
1063 4541 1139 4585 cum
1163 4541 1226 4584 sex
1250 4520 1337 4597 filiis,
1362 4531 1398 4586 et

277 4621 462 4698 agnovisse
480 4619 579 4700 illos;
603 4639 642 4686 ac
662 4619 776 4700 plures
794 4618 881 4684 alios
900 4638 977 4682 curn
995 4619 1064 4682 suis
1082 4615 1240 4682 affinibus
1258 4626 1295 4682 et
1314 4618 1398 4682 ami·
