3368 5356
415 665 583 718 DlVlNUli
606 663 750 716 nomm
772 663 815 716 IN
836 663 964 716 CAELO
987 663 1055 715 EST
1077 661 1198 714 AMOR.
1329 667 1368 733 19

248 839 437 906 'similitudo
450 841 570 924 Ipsius,
581 839 742 925 quoniam
756 839 835 922 lpse
848 848 903 904 est
915 840 949 903 in
961 839 1042 918 ill03
1066 847 1102 903 et
1118 837 1209 921 quod
1221 835 1270 900 illi
1281 834 1367 902 fiant

247 937 487 1002 similitudines
511 936 633 1020 Ipsius,
657 946 693 1001 et
724 935 975 1018 conjungantur
993 933 1074 1018 ipsi,
1098 934 1155 1017 qui
1180 931 1306 996 bonum
1330 941 1367 998 et

246 1050 364 1096 verum
375 1033 469 1096 vitae
481 1031 711 1107 suaeiaciunt,
723 1030 881 1114 pervelle
894 1040 930 1094 et
942 1030 1054 1094 iacere
1069 1051 1077 1108 ;
1095 1027 1301 1092 velleetiam
1312 1033 1367 1092 est

246 1145 361 1190 amare
390 1125 512 1190 facere.
558 1123 660 1212 Quod
690 1127 740 1190 ita
767 1125 824 1202 sit,
848 1127 954 1190 etiam
985 1124 1153 1190 Dominus
1182 1123 1218 1188 in
1247 1121 1366 1186 Verbo

246 1221 362 1298 docet,
381 1221 540 1298 dicendo,

296 1355 371 1420 “Qul
382 1356 464 1406 habet
475 1365 619 1419 praecepta
629 1369 698 1416 mea,
710 1364 738 1406 et
749 1355 813 1406 iacit
825 1353 878 1414 illa,
890 1353 935 1405 ille
947 1364 989 1404 est
1001 1353 1046 1418 qui
1057 1363 1131 1404 amat
1144 1351 1206 1412 ue:
1223 1361 1295 1403 ...et
1308 1351 1367 1415 Ego

376 1422 572 1482 ansboldum,
584 1431 612 1472 et
623 1423 794 1472 mansionem
806 1421 878 1484 apud
891 1419 966 1472 illum
978 1420 1075 1470 taciem
1084 1417 1099 1442 ’'
1110 1419 1184 1484 (Joh
1197 1418 1250 1470 xiv.
1263 1429 1302 1476 αι,
1316 1417 1365 1478 ²³l

248 1543 295 1610 Et
313 1543 407 1624 alibi,

297 1664 347 1716 “Sl
360 1665 488 1716 mandata
502 1679 564 1716 mea
575 1664 701 1726 feceritis,
715 1665 860 1716 manebitis
873 1665 900 1716 in
913 1679 1007 1716 amore
1019 1679 1081 1716 meo
1089 1663 1105 1686 ”
1116 1663 1193 1730 (Joh.
1207 1679 1251 1714 xv.
1265 1676 1303 1725 10,
1318 1663 1365 1726 tal

308 1810 372 1882 ¹⁷·
400 1795 503 1879 Quod
527 1795 688 1861 Divinum
710 1817 731 1860 a
753 1797 902 1862 Domino
925 1798 1125 1880 procedens,
1146 1797 1237 1881 quod
1260 1794 1366 1862 afficit

245 1891 400 1975 angelos,
420 1891 557 1958 etfacit
577 1891 722 1970 caelum,
743 1895 788 1957 sit
808 1911 914 1968 amor,
935 1901 1082 1958 testatur
1100 1894 1211 1957 omnis
1229 1893 1366 1976 experi-

244 1989 339 2052 entia
360 1989 396 2054 in
419 1987 539 2066 caelo;
570 2005 692 2052 omnes
711 1989 813 2063 enim,
834 1989 890 2070 qui
913 1988 970 2064 ibi,
991 1998 1071 2052 sunt
1093 1988 1222 2052 formae
1240 1988 1366 2052 amoris

245 2091 281 2146 et
297 2082 486 2156 charitatis,
507 2093 675 2164 apparent
694 2083 728 2146 in
748 2082 1002 2165 pulchritudine
1021 2081 1193 2157 ineffabili,
1211 2101 1250 2145 ac
1270 2101 1367 2146 amor

243 2169 358 2242 elucet
381 2197 427 2241 ex
455 2177 541 2241 facie
564 2177 711 2252 illorum,
731 2197 777 2241 ex
800 2177 948 2260 loquela,
972 2187 1008 2242 et
1038 2197 1083 2242 ex
1106 2177 1249 2259 singulis
1271 2177 1365 2242 vitae

244 2269 421 2340 illoruml⁸l
466 2272 648 2336 Praeterea
665 2281 745 2336 sunt
764 2272 930 2354 sphaerae
947 2273 1040 2336 vitae
1058 2270 1261 2354 spirituales,
1277 2290 1365 2354 quae
1405 2355 1409 2362 ι

245 2367 435 2447 procedunt
451 2385 495 2430 ex
520 2387 725 2449 unoquoque
743 2365 872 2448 angelo
890 2375 925 2430 et
943 2387 989 2430 ex
1009 2386 1214 2450 unoquoque
1232 2367 1363 2448 spiritu,

244 2469 281 2524 et
298 2459 574 2526 circumfundunt
592 2461 682 2537 illos,
702 2480 762 2543 per
780 2481 865 2544 quas
888 2471 1075 2526 noscuntur
1093 2461 1298 2544 quandoque
1320 2459 1365 2524 ad

245 2554 389 2618 multam
419 2555 631 2632 distantiam,
651 2555 771 2638 quales
800 2565 880 2620 sunt
909 2556 1022 2640 quoad
1051 2553 1249 2619 affectiones
1277 2575 1365 2638 quae

244 2650 390 2728 amoris;
414 2669 494 2714 nam
513 2649 679 2732 sphaerae
698 2649 778 2714 illae
796 2650 939 2714 effluunt
962 2671 1008 2714 ex
1027 2651 1100 2714 vita
1117 2647 1305 2714 affectionis
1328 2657 1365 2715 et

244 2743 323 2807 inde
342 2744 576 2826 cogitationis,
594 2765 653 2808 seu
669 2765 714 2808 ex
731 2746 803 2810 vita
819 2746 944 2809 amoris
962 2755 998 2809 et
1017 2745 1096 2808 inde
1112 2743 1191 2808 fidei
1207 2744 1363 2826 cujusvis.

244 2835 417 2920 Sphaerae
441 2840 485 2903 ab
507 2840 641 2922 angelis
663 2841 874 2923 prodeuntes
897 2851 970 2905 tam
986 2841 1110 2923 plenae
1132 2851 1212 2903 sunt
1234 2859 1362 2917 amore,

243 2942 281 2996 ut
304 2931 456 2997 afficiant
475 2935 597 2999 intima
615 2935 708 2999 vitae
726 2934 862 2998 illorum
882 2935 972 3018 apud
991 2955 1077 3018 quos
1095 2944 1197 3012 sunt;
1221 2953 1362 3018 percep-

244 3035 301 3092 tae
313 3028 494 3111 aliquoties
512 3049 533 3093 a
551 3049 605 3094 me
621 3040 713 3106 sunt,
731 3051 771 3094 ac
788 3032 836 3094 ita
854 3027 1101 3094 affecerunrlu)
1146 3028 1248 3112 Quod
1268 3049 1365 3094 amor
1393 3095 1398 3106 ,

242 3123 287 3187 sit
315 3143 336 3186 a
365 3143 433 3206 quo
462 3125 578 3206 angeli
600 3143 696 3190 suam
719 3125 826 3190 vitam
845 3125 986 3199 habent,
1011 3123 1090 3188 inde
1112 3125 1217 3188 etiarn
1239 3125 1362 3206 patuit,

242 3217 334 3299 quod
357 3220 584 3302 unusquisque
602 3220 635 3283 in
655 3219 765 3284 altera
782 3221 856 3284 vita
874 3239 911 3283 se
929 3228 1043 3283 vertat
1062 3219 1249 3283 secundum
1268 3239 1363 3284 amo-

242 3331 314 3377 rem
332 3329 451 3392 suum;
481 3315 537 3396 qui
559 3315 593 3377 in
617 3333 733 3379 amore
761 3316 795 3378 in
819 3315 1003 3378 Dominum
1019 3325 1099 3378 sunt
1122 3324 1158 3378 et
1190 3314 1224 3377 in
1247 3332 1363 3378 amore

242 3427 325 3489 erga
342 3409 549 3490 proximum,
569 3429 606 3473 se
624 3419 764 3474 vertunt
787 3417 991 3474 constanter
1009 3409 1052 3472 ad
1077 3407 1283 3487 Dominum;
1306 3409 1363 3492 qui

242 3511 357 3564 autem
386 3503 420 3566 in
448 3521 564 3566 amore
591 3503 640 3566 sui
664 3513 754 3578 sunt,
775 3523 812 3568 se
841 3511 982 3568 vertunt
1000 3512 1203 3566 constanter
1220 3511 1314 3566 retro
1342 3521 1364 3566 a

243 3594 415 3660 Domino:
439 3597 504 3660 hoc
524 3595 562 3661 fit
581 3597 615 3661 in
634 3599 727 3662 omni
745 3617 885 3662 versura
901 3597 1053 3679 corporis
1069 3615 1206 3674 eorum3
1230 3615 1309 3660 nam
1328 3597 1362 3660 in

240 3689 351 3754 altera
368 3691 440 3754 vita
462 3693 576 3786 spatia
605 3713 642 3756 se
671 3692 802 3756 habent
821 3693 1008 3756 secundum
1032 3701 1144 3757 status
1162 3691 1362 3756 interiorum

241 3804 369 3860 eorum,
393 3785 549 3851 similiter
571 3786 707 3870 plagae,
732 3807 819 3869 quae
845 3787 890 3851 ibi
914 3807 982 3852 non
1007 3787 1259 3852 determinatae
1282 3796 1362 3850 sunt

241 3878 330 3944 sicut
358 3880 394 3944 in
422 3880 562 3958 mundo,
586 3882 648 3946 sed
678 3882 952 3947 determinantur
973 3882 1162 3946 secundum
1184 3877 1361 3962 aspectum

642 4107 966 4162 tumeamus)

237 4232 241 4241 ·
296 4213 335 4284 (a)
352 4211 446 4353 99hu⁰d
459 4213 556 4288 angeli
570 4215 631 4270 sint
647 4213 761 4270 formae
772 4215 883 4272 amoris
900 4213 953 4286 [et]
966 4214 1123 4279 charitatis
1137 4217 1178 4285 (n.
1191 4213 1269 4286 3804,
1282 4226 1361 4286 4735,

241 4293 351 4354 uam
390 4298 412 4354 5·
429 4299 504 4355 5199·
521 4297 597 4356 ⁵5³0.
610 4285 689 4356 9879.
706 4287 814 4353 10177).

297 4380 360 4450 (aa)
379 4377 470 4454 Quod
485 4379 611 4452 sphaera
625 4381 797 4454 spiritualis,
812 4397 889 4452 quae
903 4391 951 4437 est
965 4381 1092 4454 sphaera
1105 4379 1193 4443 vitae,
1208 4379 1312 4436 effluat
1330 4390 1361 4436 et

241 4449 374 4506 exundet
382 4465 420 4508 ex
428 4451 599 4523 unoquovis
608 4451 739 4514 homine,
750 4451 856 4524 spiritu
866 4461 898 4507 et
910 4453 1028 4524 angelo,
1037 4461 1069 4508 et
1079 4451 1284 4522 circumstipet
1292 4451 1362 4508 iilos

244 4521 284 4588 (a.
295 4521 375 4588 4464,
391 4533 467 4592 5179.
481 4535 560 4593 7454,
573 4523 666 4593 8630).
703 4522 792 4596 Quod
806 4521 908 4578 effluat
925 4538 964 4578 ex
980 4523 1044 4580 vita
1058 4519 1226 4580 affet'tionis
1241 4531 1272 4578 et
1290 4515 1361 4578 inde

240 4593 434 4664 cogitationis
447 4594 564 4651 illorum
579 4596 620 4664 (n.
634 4593 712 4666 2489,
724 4593 803 4663 4464,
817 4593 910 4664 6206).
