3382 5358
319 631 379 696 194
639 623 689 672 DE
713 621 839 674 CAELO
861 623 911 674 ET
933 623 1116 676 INFERNO.

313 795 421 862 factus
436 798 494 874 sit,
511 817 551 862 ac
570 796 619 862 ita
640 793 686 862 Se
702 796 975 862 manifestaverit
990 797 1025 862 in
1041 797 1180 874 mundo,
1197 795 1291 862 illico
1306 817 1433 882 agnos·

313 905 407 971 cunt,
427 903 463 957 et
487 892 672 960 Dominum
695 893 862 972 adorant;
887 893 1044 958 dicentes
1062 893 1153 975 quod
1177 893 1271 956 Deus
1294 895 1434 960 omnino

313 987 358 1052 Se
381 989 663 1070 manifestaverit,
690 991 768 1073 quia
790 989 884 1052 Deus
906 989 993 1054 caeli
1017 999 1053 1052 et
1076 999 1189 1052 terrae
1208 999 1273 1063 est,
1297 998 1333 1054 et
1355 990 1434 1073 quia

312 1084 497 1148 humanum
520 1103 629 1166 genus
660 1093 714 1146 est
744 1079 907 1165 Ipsius.<001
952 1082 1079 1148 Divina
1101 1084 1227 1147 veritas
1250 1093 1316 1160 est,
1341 1084 1433 1168 quod

311 1179 439 1260 absque
460 1177 610 1243 Domino
628 1175 722 1240 nulla
737 1175 829 1240 salus
848 1177 914 1257 sit;
938 1176 999 1240 sed
1018 1177 1083 1240 hoc
1099 1175 1363 1260 intelligendum
1379 1188 1433 1241 est

312 1273 371 1348 ita,
391 1273 483 1356 quod
505 1271 601 1336 nulla
624 1271 718 1334 salus
740 1273 787 1336 sit
809 1291 911 1356 quam
935 1293 956 1336 a
978 1271 1138 1335 Domino.
1184 1269 1272 1335 Sunt
1302 1273 1335 1335 in
1359 1273 1431 1334 uni-

311 1387 411 1430 verso
427 1366 541 1450 plures
557 1365 711 1442 tellures,
730 1375 766 1430 et
786 1386 906 1430 omnes
922 1365 1046 1447 plenae
1062 1365 1207 1446 incolis;
1230 1368 1290 1430 vix
1308 1366 1353 1429 ibi
1374 1365 1432 1429 ulli

311 1461 435 1536 sciunt,
460 1461 551 1544 quod
580 1460 749 1524 Dominus
773 1461 996 1544 assumpserit
1021 1459 1220 1524 Humanum
1250 1461 1284 1524 in
1313 1470 1433 1524 nostra

311 1555 455 1634 tellure;
479 1555 540 1618 sed
560 1575 665 1637 usque
684 1555 763 1637 quia
782 1554 945 1618 Divinum
964 1555 1028 1618 sub
1049 1554 1199 1618 humana
1217 1555 1326 1618 forma
1347 1556 1430 1618 ado·

311 1662 399 1726 rant,
413 1671 434 1714 a
449 1650 600 1712 Domino
613 1659 840 1732 acceptantur
852 1659 888 1712 et
905 1649 1075 1713 ducuntur
1089 1670 1097 1728 ;
1121 1650 1164 1712 de
1180 1670 1247 1732 qua
1262 1670 1298 1713 re
1315 1650 1430 1714 videa·

311 1757 366 1810 tur
383 1747 418 1809 in
438 1744 603 1827 opusculo
620 1743 673 1806 De
696 1742 884 1808 Telluribus
906 1744 942 1807 in
963 1743 1135 1808 Universa.

373 1855 467 1922 322.
498 1838 584 1902 Sunt
600 1840 690 1902 inter
708 1837 877 1914 Gentiles,
895 1840 982 1902 sicut
1002 1841 1091 1903 inter
1103 1838 1328 1916 Christianos,
1343 1841 1432 1922 sapi-

310 1945 410 2000 entes
434 1943 469 1996 et
496 1933 679 2016 simplices.
725 1932 776 1997 Ut
798 1933 985 1996 instruerer
1008 1934 1126 2016 quales
1148 1945 1240 2010 sunt,
1264 1934 1431 1998 cumillis

308 2041 345 2094 et
365 2030 418 2092 his
434 2028 553 2092 datum
569 2037 624 2092 est
640 2027 744 2111 loqui,
762 2028 968 2112 quandoque
983 2048 1044 2112 per
1059 2028 1161 2092 horas
1179 2039 1215 2092 et
1234 2029 1317 2092 dies.
1361 2027 1430 2094 Sed

310 2125 366 2208 qui
388 2124 562 2206 sapientes
581 2132 673 2200 sunt,
693 2123 796 2187 hodie
819 2144 888 2187 non
912 2123 1037 2187 dantur
1058 2124 1146 2188 sicut
1168 2124 1319 2208 antiquis
1341 2131 1430 2189 tem·

311 2220 457 2300 poribus,
478 2219 642 2300 imprimis
665 2220 699 2282 in
723 2217 880 2302 Antiqua
903 2217 1072 2296 Ecclesia,
1092 2241 1179 2303 quae
1202 2240 1262 2302 per
1284 2219 1429 2284 multum

310 2314 401 2377 orbis
418 2313 566 2377 Asiatici
582 2313 704 2376 diffusa
720 2312 793 2389 fuit,
810 2334 829 2376 e
848 2334 915 2396 qua
926 2314 1048 2396 religio
1061 2317 1233 2378 emanavit
1252 2315 1296 2377 ad
1315 2313 1429 2396 plures

310 2407 452 2472 Gentes.
498 2409 549 2474 Ut
579 2409 701 2472 scirem
731 2407 849 2490 quales
879 2408 1024 2486 fuerunt,
1057 2429 1134 2472 cum
1163 2410 1364 2492 quibusdam
1394 2411 1428 2474 in

308 2502 464 2568 familiari
476 2523 634 2566 sermone
650 2524 725 2567 esse
739 2503 857 2566 datum
874 2513 938 2567 est.
984 2501 1064 2568 Fuit
1076 2504 1166 2587 apud
1183 2525 1237 2568 me
1250 2503 1427 2588 ‘¹¹quidam,

309 2598 364 2679 qui
386 2597 467 2660 olim
491 2599 581 2660 inter
603 2597 827 2680 sapientiores
850 2596 923 2672 fuit,
949 2605 985 2660 et
1008 2618 1141 2681 quoque
1164 2599 1243 2662 inde
1267 2609 1369 2664 notus
1393 2599 1427 2664 in

309 2692 391 2754 orbe
410 2692 567 2770 erudito;
595 2711 672 2754 cum
702 2711 769 2772 quo
798 2691 841 2754 de
869 2691 971 2754 variis
998 2690 1135 2756 locutus
1163 2713 1257 2772 sum;
1288 2695 1427 2760 credere

308 2785 454 2849 dabatur
468 2787 559 2869 quod
576 2797 668 2850 esset
681 2783 810 2850 Cicero.
856 2783 903 2850 Et
919 2785 998 2868 quia
1010 2787 1089 2849 novi
1102 2788 1193 2869 quod
1206 2789 1343 2870 sapiens
1354 2789 1427 2854 fue·

308 2881 364 2956 rit,
385 2901 496 2944 sermo
519 2881 580 2944 fuit
600 2901 676 2945 cum
700 2880 760 2944 illo
787 2882 830 2944 de
854 2881 1033 2962 sapientia,
1054 2883 1097 2945 de
1120 2883 1362 2966 intelligentia,
1382 2885 1426 2950 de

309 2976 438 3051 ordine,
463 2977 505 3039 de
528 2975 659 3051 Verbo,
684 2985 720 3040 et
743 2976 880 3038 demum
904 2976 948 3038 de
975 2976 1135 3040 Domino.
1181 2976 1234 3042 De
1256 2979 1426 3060 sapientia

308 3071 409 3146 dixit,
426 3071 517 3152 quod
537 3091 605 3134 non
624 3070 692 3133 alia
710 3071 877 3152 sapientia
894 3070 1004 3146 detur,
1023 3091 1123 3152 quam
1142 3093 1229 3153 quae
1248 3083 1302 3136 est
1320 3073 1424 3150 vitae,

308 3173 343 3228 et
360 3165 451 3248 quod
467 3165 509 3227 de
526 3165 592 3227 alia
607 3185 643 3228 re
659 3165 829 3248 sapientia
840 3165 1029 3246 praedicari
1044 3175 1212 3248 nequeat:
1237 3166 1280 3229 de
1296 3167 1424 3230 intelli·

307 3260 437 3340 gentia,
461 3259 552 3342 quod
582 3258 642 3322 illa
661 3259 706 3322 sit
735 3259 834 3322 inde:
869 3259 912 3322 de
942 3259 1071 3335 ordine,
1096 3261 1186 3342 quod
1216 3261 1301 3324 ordo
1330 3262 1375 3325 sit
1404 3281 1425 3326 a

308 3350 474 3436 Supremo
493 3351 579 3429 Deo,
599 3362 636 3418 et
658 3353 749 3436 quod
768 3354 883 3416 vivere
902 3354 936 3415 in
954 3351 1015 3416 illo
1031 3354 1150 3417 ordine
1169 3355 1214 3418 sit
1233 3355 1369 3438 sapiens
1387 3366 1424 3420 et

699 3571 747 3625 ί(ιπ
760 3582 857 3615 ΑΜ
869 3573 1041 3626 (ΑΕ-ΜΨ]

365 3672 419 3741 (oo)
446 3671 614 3728 Discrimen
630 3673 709 3729 inter
723 3675 835 3730 bonum
852 3676 882 3730 in
897 3691 958 3747 quo
972 3685 1044 3731 sunt
1058 3675 1178 3740 Gentes,
1192 3685 1223 3732 et
1239 3676 1269 3731 in
1284 3693 1345 3748 quo
1359 3687 1431 3733 sunt

311 3741 474 3798 Christiani
490 3745 619 3814 (11.4189,
632 3745 724 3814 4197).

366 3811 411 3868 De
423 3813 503 3868 veris
515 3816 595 3884 apud
609 3814 722 3870 Gentes
736 3817 776 3885 (n.
790 3815 868 3885 3263,
883 3812 961 3886 3778,
975 3819 1067 3886 4190).

364 3883 454 3968 Quod
480 3885 624 3939 interiora
645 3902 705 3940 non
729 3887 770 3941 ita
792 3887 891 3941 claudi
917 3889 1034 3959 possint
1052 3887 1131 3959 apud
1154 3887 1277 3950 Gentes,
1296 3899 1331 3944 ut
1348 3889 1427 3960 apud

310 3953 498 4010 Christianos
513 3957 552 4023 (n.
565 3956 657 4025 9256).

363 4024 453 4097 Quod
467 4043 522 4081 nec
534 4037 620 4081 tanta
633 4028 727 4082 nubes
741 4028 803 4082 dari
816 4039 907 4098 queat
919 4029 999 4098 apud
1014 4028 1127 4084 Gentes
1141 4029 1191 4099 qui
1204 4031 1370 4085 secundum
1385 4047 1429 4086 re-

310 4097 449 4168 ligiosum
465 4113 553 4151 suum
573 4099 602 4150 in
623 4108 726 4152 mutua
740 4099 885 4153 charitate
900 4101 1014 4162 vivunt,
1030 4116 1119 4170 quam
1140 4101 1220 4171 apud
1239 4099 1429 4156 Christianos

308 4168 359 4238 qui
374 4167 404 4222 in
417 4168 498 4222 nulla
510 4168 659 4223 charitate
671 4170 785 4231 vivunt,
799 4185 906 4224 causae
921 4172 960 4238 (n.
978 4183 1052 4238 1059,
1066 4183 1100 4238 92
1120 4171 1158 4239 6).

362 4237 452 4322 Quod
481 4239 594 4294 Gentes
622 4255 683 4294 non
711 4241 827 4309 possint
851 4239 1008 4310 profanare
1035 4183 1140 4296 santla
1166 4241 1310 4297 ecclesiae
1340 4253 1429 4313 prout

308 4309 482 4371 Christiani,
495 4311 565 4382 quia
579 4325 639 4364 non
653 4311 753 4366 sciunt
765 4311 816 4366 illa
829 4312 870 4379 (n.
887 4325 961 4380 1327,
978 4311 1053 4380 1328,
1068 4313 1158 4382 ²05¹)·

391 4382 451 4434 uod
465 4380 592 4436 timeant
604 4380 793 4436 Christianos
806 4391 929 4452 propter
940 4383 1033 4436 vitam
1049 4387 1089 4452 (n.
1104 4382 1181 4451 2596,
1195 4397 1211 4436 2
1215 4383 1286 4451 597).

391 4452 452 4506 uod
469 4451 512 4505 illi
549 4452 579 4506 ui
595 4453 670 4507 bene
683 4453 849 4507 secundum
861 4453 1037 4524 ,religiosum
1054 4470 1141 4508 suurn
1154 4454 1304 4516 vixerunt,
1318 4452 1428 4507 instru-

307 4533 396 4576 antur
408 4524 447 4577 ab
458 4469 583 4594 angelis,
599 4534 630 4578 et
645 4523 731 4578 facile
750 4524 895 4594 recipiant
910 4540 981 4579 vera
995 4524 1073 4587 fidei,
1089 4534 1121 4578 et
1138 4533 1304 4596 agnoscant
1324 4523 1429 4578 Domi·
1450 4591 1456 4602 ἱ

309 4609 378 4648 num
394 4597 435 4663 (n.
450 4608 526 4664 2049,
541 4607 618 4665 2595,
633 4594 710 4664 2598,
724 4595 801 4658 2699,
816 4594 894 4658 2691,
908 4594 986 4664 2603,
1000 4593 1096 4665 2661[?
1108 4594 1198 4664 2861],
1213 4595 1291 4665 2863,
1305 4593 1397 4664 3263).
