3408 5358
419 645 531 697 HOMO
554 645 645 697 POST
670 645 837 696 MORTEM
861 646 929 697 EST
952 646 993 697 IN
1016 645 1116 698 OMNI
1139 647 1266 698 SENSU.
1348 635 1409 717 285

288 837 375 900 quae
399 825 453 881 est
477 825 549 880 tam
573 811 772 880 intellectus
795 835 896 899 quam
920 813 1130 895 voluntatis;
1165 816 1245 882 inde
1267 817 1301 880 in
1325 835 1410 881 sono

287 921 325 977 et
347 911 490 976 vocibus
512 911 687 996 loquentis
709 913 949 995 appercipiunt
972 912 1201 976 minutissima
1223 909 1410 977 affectionis
1490 930 1491 934 ’

287 1015 323 1071 et
342 1007 564 1090 cogitationis
580 1005 662 1089 ejus,
680 1007 714 1070 in
731 1026 820 1070 sono
835 1005 895 1069 illa
910 1027 997 1090 quae
1014 1004 1201 1071 affectionis
1217 1017 1307 1084 sunt,
1325 1009 1410 1071 etin

286 1103 429 1167 vocibus
443 1101 504 1166 illa
518 1123 604 1186 quae
621 1101 846 1184 cogitationis
864 1099 1037 1184 (videatur
1052 1121 1163 1183 supra,
1178 1121 1209 1164 n.
1228 1100 1388 1184 234—245)
1403 1124 1410 1180 ;

286 1197 348 1264 sed
370 1197 492 1281 reliqui
515 1217 636 1262 sensus
659 1197 749 1280 apud
774 1197 919 1279 angelos
946 1216 1016 1260 non
1046 1205 1119 1261 tam
1143 1197 1307 1280 exquisiti
1330 1208 1411 1260 sunt

286 1293 374 1358 sicut
393 1313 515 1358 sensus
533 1295 625 1358 visus
644 1303 680 1357 et
700 1293 848 1369 auditus,
868 1315 914 1358 ex
934 1313 1037 1357 causa
1053 1293 1132 1376 quia
1149 1293 1240 1356 visus
1259 1302 1295 1356 et
1315 1295 1409 1358 audi·

285 1399 342 1454 tus
361 1391 549 1455 inserviunt
568 1389 821 1472 intelligentiae
841 1399 878 1454 et
901 1389 1088 1472 sapientiae
1107 1407 1236 1464 eorum,
1256 1390 1318 1452 sed
1342 1408 1411 1452 non

286 1485 415 1568 reliqui,
439 1486 496 1569 qui
526 1485 554 1550 si
583 1486 617 1548 in
645 1485 748 1548 simili
770 1485 879 1567 gradu
903 1485 1067 1568 exquisiti
1089 1483 1214 1560 forent,
1239 1483 1410 1548 auferrent

286 1579 398 1644 lucem
421 1591 458 1644 et
476 1579 662 1662 jucundum
682 1581 872 1663 sapientiae
892 1599 1022 1656 eorum,
1042 1599 1082 1642 ac
1106 1577 1270 1642 inferrent
1289 1577 1410 1661 jucun·

286 1675 367 1739 dum
390 1675 610 1757 voluptatum
633 1695 720 1759 quae
743 1677 912 1740 variorum
935 1675 1151 1759 appetituum
1180 1684 1216 1740 et
1245 1676 1410 1758 corporis,

285 1789 372 1852 quae
403 1759 540 1835 tanturn
563 1770 749 1833 obscurant
779 1779 815 1836 et
845 1769 1030 1834 debilitant
1053 1767 1278 1846 intellectum,
1302 1789 1410 1852 quan·

286 1876 360 1930 turn
379 1865 618 1950 praepollent;
646 1874 684 1929 ut
707 1885 841 1948 quoque
861 1863 898 1928 fit
922 1865 1012 1948 apud
1032 1864 1190 1928 homines
1212 1865 1246 1927 in
1269 1864 1408 1936 mundo,

285 1961 342 2044 qui
364 1971 500 2026 tantum
524 1961 620 2024 obesi
642 1969 678 2024 et
709 1960 838 2042 stupidi
861 1969 941 2024 sunt
965 1960 1079 2043 quoad
1102 1979 1184 2024 vera
1206 1959 1406 2042 spiritualia,

286 2067 453 2140 quantum
476 2056 658 2136 indulgent
681 2056 795 2138 gustui
826 2064 862 2120 et
896 2055 1075 2120 lenociniis
1098 2051 1266 2119 tactilium
1286 2075 1408 2136 corpo·

285 2153 340 2216 ris.
362 2159 366 2167 '
387 2149 489 2234 Quod
520 2151 626 2214 etiarn
650 2151 830 2214 interiores
854 2170 974 2214 sensus
997 2149 1200 2232 angelorum
1231 2149 1329 2224 caeli,
1353 2149 1409 2234 qui

285 2255 365 2310 sunt
395 2247 619 2330 cogitationis
652 2255 689 2309 et
722 2243 911 2310 affectionis
941 2263 1071 2322 eorum,
1098 2245 1340 2329 exquisitiores
1373 2253 1409 2308 et

286 2339 506 2424 perfectiores
529 2341 598 2405 sint
628 2360 731 2424 quam
755 2341 888 2405 fuerunt
918 2341 985 2404 illis
1015 2341 1049 2404 in
1077 2341 1218 2416 mundo,
1249 2349 1408 2404 constare

285 2446 404 2518 potest
427 2457 473 2500 ex
497 2435 564 2500 illis
587 2457 673 2519 quae
696 2433 788 2500 dicta
810 2447 846 2500 et
870 2446 1013 2500 ostensa
1035 2445 1115 2500 sunt
1138 2436 1172 2498 in
1197 2435 1342 2498 articulo
1365 2435 1408 2500 de

285 2531 462 2616 Sapientia
486 2530 703 2612 Angelorum
736 2529 831 2595 Caeli
863 2529 910 2614 (n.
940 2529 1112 2614 265-275).
1158 2529 1260 2612 Quod
1292 2539 1409 2595 autem

284 2626 468 2690 discrimen
487 2635 600 2689 status
618 2625 753 2688 illorum
773 2626 829 2708 qui
853 2626 886 2688 in
906 2626 1037 2689 inferno
1055 2635 1135 2689 sunt
1153 2621 1344 2707 respective
1364 2625 1408 2689 ad

284 2731 416 2785 statum
432 2720 569 2785 illorum
587 2721 621 2783 in
642 2720 770 2783 mundo
786 2721 926 2795 attinet,
945 2731 998 2784 est
1015 2741 1149 2804 quoque
1165 2721 1199 2783 id
1220 2739 1384 2802 magnum
1400 2741 1407 2797 ;

284 2825 415 2900 quanta
432 2817 523 2880 enim
540 2814 703 2898 perfectio
722 2825 758 2879 et
777 2815 989 2881 excellentia
1007 2835 1168 2880 sensuum
1184 2825 1407 2880 externorum

283 2921 320 2977 et
339 2913 551 2978 internorum
568 2923 622 2976 est
641 2913 732 2994 apud
748 2912 893 2993 angelos
912 2913 968 2996 qui
986 2911 1146 2987 incaelo,
1164 2919 1263 2974 tanta
1282 2913 1408 2994 imper·

285 3005 385 3071 fectio
404 3017 459 3072 est
477 3007 568 3090 apud
588 3007 665 3071 illos
684 3007 789 3089 quiin
809 3007 959 3086 inferno;
984 3007 1045 3071 sed
1062 3008 1104 3072 de
1124 3007 1244 3070 horum
1260 3015 1354 3070 statu
1373 3007 1407 3070 in

284 3103 506 3186 sequentibus
522 3103 695 3185 agendum
715 3113 779 3166 est.

346 3199 574 3286 fistucum·
597 3196 699 3279 Quod
716 3197 822 3262 homo
838 3219 857 3262 e
877 3199 1006 3262 mundo
1023 3196 1129 3262 etiarn
1145 3217 1262 3262 secum
1278 3197 1408 3262 habeat

284 3309 421 3356 ornnem
452 3311 548 3356 suam
578 3295 791 3368 memoriam,
822 3294 940 3358 multis
968 3305 1147 3358 ostensum
1175 3303 1240 3368 est,
1268 3295 1312 3357 de
1341 3313 1408 3378 qua

284 3387 382 3470 plura
400 3397 594 3452 memoratu
613 3388 719 3469 digna
737 3389 810 3452 visa
829 3399 865 3453 et
885 3391 1003 3454 audita
1022 3400 1113 3466 sunt,
1133 3409 1276 3472 quorum
1295 3389 1408 3471 aliqua

283 3482 388 3547 velim
404 3483 522 3546 ordine
538 3483 672 3548 referre.
718 3483 870 3548 Fuerunt
883 3487 939 3570 qui
958 3495 1172 3568 negaverunt
1189 3505 1250 3547 sua
1266 3485 1408 3549 crimina

284 3587 320 3641 et
349 3576 490 3659 flagitia,
514 3596 600 3659 quae
624 3587 848 3659 patraverunt
878 3580 912 3642 in
936 3581 1085 3656 mundo;
1118 3587 1339 3662 quapropter,
1364 3599 1407 3643 ne

284 3673 439 3736 insontes
458 3673 690 3747 crederentur,
711 3673 826 3736 omnia
845 3671 984 3738 detecta
1004 3684 1094 3748 sunt,
1114 3685 1150 3738 et
1174 3695 1218 3738 ex
1243 3675 1408 3738 memoria

283 3785 401 3832 eorum
418 3769 590 3832 recensita
605 3779 685 3832 sunt
702 3769 820 3832 ordine
840 3789 860 3832 a
876 3770 984 3852 prIma
999 3789 1115 3834 eorum
1131 3779 1249 3833 aetate
1266 3771 1309 3832 ad
1326 3770 1406 3834 ulti·

284 3881 394 3926 mam:
418 3873 517 3926 erant
534 3865 715 3947 praecipue
731 3863 900 3928 adulteria
915 3874 952 3928 et
968 3865 1208 3929 scortationes.
1254 3865 1407 3929 Fuerunt

282 3959 339 4040 qui
358 3957 443 4022 alios
461 3959 593 4022 artibus
610 3959 708 4022 malis
728 3960 950 4043 deceperunt,
970 3970 1006 4024 et
1029 3963 1085 4043 qui
1103 3961 1202 4024 furati
1221 3970 1322 4038 sunt;
1346 3981 1406 4026 eo·

283 4073 357 4118 rum
374 4063 470 4118 astus
489 4065 525 4118 et
544 4055 634 4118 furta
653 4056 686 4118 in
706 4055 793 4119 serie
809 4057 915 4120 etiam
933 4067 1134 4120 enumerata
1153 4066 1246 4131 sunt,
1263 4075 1407 4140 quorum

282 4147 379 4231 plura
402 4151 462 4212 vix
486 4149 545 4214 ulli
576 4151 609 4214 in
641 4151 770 4215 mundo
793 4163 878 4216 nota
899 4151 1047 4228 fuerunt,
1071 4171 1173 4236 quam
1197 4152 1278 4235 ipsis
1301 4151 1405 4216 solis:

282 4256 499 4328 agnoverunt
518 4247 623 4310 etiam
642 4245 713 4322 illa,
727 4249 805 4330 quia
824 4249 1045 4312 manifestata
1064 4249 1151 4311 sicut
1171 4249 1204 4311 in
1224 4247 1310 4323 luce,
1328 4265 1406 4312 cum

281 4341 376 4405 omni
398 4342 626 4423 cogitatione,
647 4344 854 4418 intentione,
872 4343 1033 4426 jucundo,
1056 4344 1188 4418 timore,
1212 4363 1298 4424 quae
1322 4351 1405 4406 tunc

281 4455 349 4500 una
367 4437 553 4502 versabant
573 4457 690 4502 eorum
710 4441 853 4503 animos.
900 4439 1053 4502 Fuerunt
1073 4439 1128 4521 qui
1148 4457 1288 4501 munera
1306 4457 1405 4502 acce·

281 4542 417 4614 perunt,
437 4542 473 4596 et
496 4543 660 4614 quaestus
682 4553 729 4596 ex
749 4531 877 4616 judicio
895 4533 1071 4598 fecerunt:
1100 4533 1150 4597 illi
1171 4553 1218 4598 ex
1241 4534 1406 4598 memoria

280 4647 342 4692 sua
373 4628 531 4692 similiter
559 4627 733 4710 explorati
767 4639 858 4704 sunt,
883 4639 919 4694 et
955 4650 1001 4693 ex
1041 4629 1101 4693 illa
1132 4631 1305 4696 recensita
1325 4641 1405 4695 sunt
