3368 5356
394 671 550 751 CAELUM¹
570 671 611 722 IN
631 671 782 724 MINORE
800 671 945 738 FORMA,
966 674 1014 725 ΕΤ
1034 675 1074 725 IN
1093 676 1250 727 MINIMA.
1346 677 1383 743 35

271 844 419 928 aliquam
439 844 645 910 societatem
668 843 766 921 caeli,
786 844 877 926 quod
900 845 1017 910 veniat
1039 846 1073 908 in
1097 845 1250 924 caelum;
1284 855 1320 910 et
1343 847 1386 910 de

271 939 338 1002 illis
361 941 416 1022 qui
439 939 495 1014 ibi,
516 939 607 1022 quod
630 940 699 1004 sint
726 940 759 1004 in
789 940 898 1014 caelo,
919 950 955 1004 et
978 941 1118 1023 quisque
1147 943 1182 1004 in
1205 959 1285 1004 suo:
1319 939 1386 1004 hoc

272 1044 396 1096 norunt
416 1053 535 1097 omnes
554 1035 611 1117 qui
633 1035 667 1098 in
687 1034 797 1098 altera
815 1035 910 1114 vita;
934 1035 1013 1099 ideo
1031 1036 1086 1118 qui
1105 1045 1206 1100 extra
1225 1043 1284 1100 aut
1302 1035 1387 1100 infra

271 1128 405 1192 caelum
424 1137 530 1203 stant,
550 1139 586 1192 et
605 1127 762 1212 spthant
781 1151 799 1194 e
822 1129 1010 1212 longinquo
1029 1131 1085 1193 ubi
1104 1141 1224 1194 coetus
1243 1131 1387 1213 angelo·

271 1243 344 1286 rum
363 1233 454 1298 sunt,
475 1225 592 1288 dicant
612 1226 703 1307 quod
722 1225 854 1288 caelum
878 1227 923 1288 sit
947 1225 1003 1299 ibi,
1024 1235 1060 1289 et
1084 1247 1219 1308 quoque
1241 1227 1297 1290 ibi.
1342 1225 1387 1291 Se

272 1317 378 1381 habet
401 1318 466 1381 hoc
490 1320 724 1402 comparative
740 1320 827 1383 sicut
851 1339 927 1382 cum
947 1318 1137 1403 praesediis,
1158 1320 1328 1386 officiariis
1351 1331 1387 1385 et

272 1413 434 1476 ministris
463 1414 497 1476 in
527 1434 594 1477 uno
617 1414 747 1496 palatio
764 1415 861 1496 regio
880 1424 939 1480 aut
969 1415 1003 1478 in
1031 1435 1098 1478 una
1123 1414 1219 1492 aula;
1251 1419 1388 1480 tametsi

271 1500 431 1572 habitant
450 1509 593 1572 seorsim
612 1509 646 1572 in
665 1510 734 1572 suis
753 1509 987 1574 mansionibus
1005 1519 1065 1572 aut
1085 1509 1118 1572 in
1137 1529 1200 1573 suo
1219 1511 1386 1586 conclavi,

272 1623 356 1664 unus
380 1623 491 1685 supra,
508 1603 596 1667 alter
619 1603 714 1678 infra,
732 1625 837 1686 usque
856 1613 935 1668 sunt
965 1605 998 1668 in
1026 1625 1094 1668 uno
1117 1604 1247 1687 palatio
1269 1615 1329 1668 aut
1353 1606 1387 1668 in

272 1717 337 1759 una
356 1697 445 1772 aula,
465 1699 606 1782 quisque
624 1700 669 1762 ibi
687 1699 722 1762 in
738 1720 798 1762 sua
816 1697 988 1764 iundtione
1007 1700 1050 1762 ad
1070 1700 1286 1766 serviendum
1304 1701 1386 1781 regi.

272 1791 358 1854 lnde
377 1801 474 1874 patet
494 1794 573 1875 quid
593 1793 799 1876 intelligitur
817 1813 877 1876 per
897 1795 1036 1858 Domini
1054 1795 1159 1858 verba
1177 1795 1268 1877 quod

410 1925 443 1977 In
456 1928 538 1977 domo
552 1927 639 1978 Patris
652 1929 693 1978 sui
705 1929 760 1978 sint
772 1929 929 1978 mansiones
942 1930 1042 1979 multae
1054 1927 1129 1994 (Joa
1141 1929 1195 1978 xiv.
1207 1927 1249 1992 s);

271 2071 307 2126 et
326 2061 409 2144 quid
427 2082 492 2143 per
513 2062 737 2127 “habitacula
756 2063 872 2139 caeli,'’
887 2072 924 2128 et
946 2084 1007 2147 per
1027 2063 1171 2128 “caelos
1194 2063 1388 2128 caelorum”

272 2157 361 2238 apud
380 2155 581 2238 Prophetas.

334 2263 402 2334 5²·
433 2249 535 2332 Quod
558 2251 768 2334 unaquaevis
791 2252 941 2316 societas
963 2251 1009 2316 sit
1032 2251 1166 2316 caelum
1195 2252 1229 2316 in
1256 2252 1388 2316 minore

272 2346 390 2418 forma,
416 2349 522 2410 etiam
545 2357 705 2411 constare
728 2349 841 2429 potuit
868 2368 914 2410 ex
946 2367 1000 2422 e0,
1024 2349 1115 2430 quod
1139 2346 1258 2410 similis
1280 2346 1389 2410 forma
1416 2351 1421 2356 “

273 2441 435 2505 caelestis
454 2442 499 2504 sit
518 2441 552 2504 in
571 2441 691 2524 quavis
710 2433 893 2518 societate,
914 2441 1024 2524 qualis
1043 2450 1097 2506 est
1118 2443 1153 2504 in
1173 2450 1251 2505 toto
1270 2441 1387 2504 caelo:

273 2537 306 2598 in
319 2545 395 2600 toto
405 2535 503 2600 caelo
516 2545 595 2598 sunt
608 2537 642 2598 in
656 2537 771 2600 medio
781 2537 837 2618 qui
850 2545 1029 2618 praestant
1040 2537 1187 2619 reliquis,
1197 2545 1232 2600 et
1244 2537 1389 2600 circum·

273 2631 362 2694 circa
385 2651 490 2713 usque
518 2631 561 2694 ad
589 2632 755 2694 terminos
773 2641 853 2695 sunt
884 2632 918 2694 in
948 2631 1066 2694 ordine
1089 2631 1311 2696 decrescente
1333 2631 1390 2714 qui

274 2727 384 2788 minus
397 2735 586 2808 praestant,
601 2735 638 2790 ut
650 2723 778 2790 dictum
791 2725 947 2790 videatur
960 2726 993 2790 in
1006 2725 1149 2790 articulo
1161 2726 1390 2808 praecedente

276 2819 323 2900 (n.
335 2817 393 2902 43)
407 2841 414 2896 ;
434 2830 469 2884 et
483 2841 617 2903 quoque
630 2841 675 2884 ex
688 2841 741 2895 eo,
753 2821 844 2902 quod
859 2820 1026 2884 Dominus
1038 2821 1143 2884 ducat
1155 2821 1343 2904 omnesqui
1355 2822 1389 2884 in

274 2923 350 2979 toto
373 2914 470 2978 caelo
493 2925 658 2997 tanquam
681 2924 798 2978 essent
824 2935 909 2979 unus
932 2915 1096 2996 angelus;
1130 2915 1286 2979 similiter
1312 2915 1390 2978 illos

274 3010 381 3091 quiin
401 3011 587 3092 unaquavis
606 3011 794 3074 societate:
819 3010 899 3074 inde
917 3019 1060 3092 apparet
1079 3009 1282 3092 quandoque
1300 3009 1389 3072 inte·

274 3125 336 3186 gra
358 3106 506 3168 societas
530 3105 687 3186 angelica
710 3105 798 3168 sicut
821 3123 923 3168 unum
952 3106 987 3167 in
1016 3103 1124 3168 forma
1146 3103 1273 3186 angeli,
1297 3104 1389 3186 quod

274 3201 378 3264 etiam
395 3200 477 3264 mihi
495 3201 615 3264 datum
631 3209 686 3264 est
705 3220 725 3262 a
748 3199 900 3262 Domino
915 3200 1041 3262 videre.
1087 3197 1173 3262 Cum
1192 3199 1298 3262 etiam
1317 3197 1389 3262 Do·

275 3297 385 3360 minus
414 3303 558 3377 apparet
588 3295 622 3358 in
652 3295 767 3358 medio
793 3291 1006 3376 angelorum,
1036 3303 1117 3358 tunc
1147 3313 1216 3356 non
1246 3302 1390 3376 apparet

275 3389 584 3470 circumstipatusa
603 3388 765 3470 pluribus,
783 3387 844 3450 sed
860 3397 897 3450 ut
915 3406 999 3449 unus
1016 3387 1050 3449 in
1066 3385 1195 3450 Forma
1210 3387 1388 3467 angelica:

275 3485 354 3548 inde
384 3493 447 3558 est,
472 3483 562 3566 quod
587 3483 754 3546 Dominus
783 3483 818 3544 in
847 3480 966 3546 Verbo
989 3483 1122 3544 dicatur
1143 3480 1321 3562 Angelus;
1355 3489 1392 3544 et

275 3599 406 3662 quoque
419 3579 509 3662 quod
523 3579 658 3660 integra
670 3578 818 3642 societas
831 3597 839 3654 ;
859 3575 1019 3652 Michael,
1035 3575 1171 3640 Gabriel
1184 3585 1220 3639 et
1234 3575 1391 3657 Raphael

275 3692 343 3736 non
367 3682 447 3736 sunt
471 3673 533 3734 nisi
556 3690 658 3754 quam
681 3671 867 3734 societates
886 3669 1074 3752 angelicae,
1094 3688 1181 3750 quae
1205 3689 1225 3732 a
1247 3665 1391 3732 iunctio·

276 3769 373 3832 nibus
392 3768 460 3830 suis
480 3767 528 3829 ita
547 3761 849 3829 nominanturld‘i‘l

337 3877 408 3944 53·
438 3863 533 3928 Sicut
550 3863 688 3944 integra
700 3863 849 3926 societas
861 3871 915 3927 est
928 3859 1062 3925 caelum
1078 3859 1111 3922 in
1128 3861 1259 3924 minore
1272 3859 1390 3936 forma,

672 4101 711 4154 (ιι
723 4111 819 4144 sanun
831 4101 993 4152 ωωτωι.)

276 4279 293 4334 8
330 4209 418 4278 (ddd)
439 4205 530 4280 Quod
550 4205 698 4261 Dominus
717 4205 746 4258 in
766 4203 867 4260 Verbo
883 4203 1001 4257 dicatur
1016 4201 1151 4274 Angelus
1169 4201 1209 4270 (n.
1222 4199 1300 4263 6280,
1313 4201 1392 4272 6831,

297 4295 308 4336 1
346 4322 353 4341 ‚
401 4295 420 4332 ο
454 4320 460 4334 .

310 4294 345 4350 92
358 4279 547 4420 dddilrtegra
557 4345 686 4402 societas
695 4345 957 4416 angelicadicatur
965 4359 1003 4398 an
1025 4343 1105 4405 elus;
1123 4351 1154 4398 et
1167 4342 1248 4413 quod
1263 4341 1393 4398 Michael

260 4432 308 4494 ¹et
374 4421 462 4492 phael
474 4419 540 4476 sintv
549 4417 709 4474 societates
725 4416 876 4488 angelicae
896 4431 934 4470 ex
952 4414 1004 4468 lun
1039 4413 1156 4469 ionibus
1170 4413 1213 4468 ita
1231 4411 1328 4467 didiae
1353 4415 1393 4479 (n.

277 4489 368 4562 8192).

330 4559 419 4633 Quod
432 4559 593 4615 societates
605 4558 688 4618 caeli,
701 4565 732 4612 et
745 4555 841 4628 angeli
855 4571 915 4611 non
929 4555 1050 4626 aliquod
1065 4569 1175 4609 nornen
1189 4553 1327 4620 habeant,
1341 4553 1393 4608 sed

277 4633 357 4704 quod
371 4631 587 4704 dignoscantur
599 4628 724 4701 quuali
738 4628 819 4692 boni,
831 4639 863 4686 et
875 4643 913 4684 ex
926 4627 993 4682 idea
1005 4627 1043 4683 de
1056 4625 1108 4682 illo
1123 4626 1163 4696 (n.
1178 4630 1254 4696 1705,
1270 4623 1359 4694 1754).
