3408 5358
267 615 324 678 268
588 599 782 676 ns'csnno
806 625 854 674 ss
876 623 1057 676 russuuo.

751 1001 892 1087 [κη]
985 973 991 991 “

267 1184 377 1268 Quon
407 1197 670 1264 UNUSQUISQUE
692 1184 812 1250 Hono
834 1197 893 1250 srr
915 1183 1089 1250 Semnus
1111 1197 1243 1264 Quosn
1266 1185 1376 1250 lurs-

708 1291 831 1344 monn
853 1291 935 1345 sun.

326 1476 424 1548 432.
454 1461 521 1544 Qui
552 1463 619 1527 rite
650 1462 830 1546 expendit,
855 1482 958 1527 nosse
990 1471 1108 1545 potest
1137 1461 1229 1545 quod
1258 1481 1377 1544 corpus

268 1578 334 1622 non
352 1559 497 1638 cogitet,
517 1559 595 1640 quia
617 1567 671 1622 est
694 1557 883 1634 materiale,
903 1558 965 1621 sed
987 1557 1079 1641 quod
1099 1558 1213 1621 anima
1230 1557 1308 1640 quia
1326 1565 1377 1620 est

268 1651 460 1734 spiritualis.
504 1651 633 1716 Anima
646 1652 806 1727 hominis,
823 1654 867 1716 de
883 1652 976 1734 cujus
991 1652 1252 1716 immortalitate
1269 1651 1378 1734 plures

267 1747 485 1829 scripserunt,
510 1756 564 1811 est
593 1747 731 1829 spiritus
763 1745 854 1828 ejus;
887 1748 942 1810 hic
973 1748 1064 1811 enirn
1097 1745 1298 1811 immortalis
1327 1755 1379 1810 est

267 1842 379 1924 quoad
398 1842 512 1905 omnia
530 1861 612 1920 sua;
637 1841 691 1905 hic
710 1861 845 1924 quoque
864 1842 992 1924 estqui
1011 1841 1145 1923 cogitat
1164 1842 1198 1904 in
1217 1859 1380 1922 corpore;

267 1954 345 1999 nam
381 1936 566 2017 spiritualis
599 1945 665 2012 est,
695 1946 732 1999 et
764 1935 940 2017 spirituale
973 1936 1095 2018 recipit
1125 1935 1311 2018 spirituale,
1341 1953 1381 1999 ac

268 2030 490 2112 spiritualiter
508 2031 602 2104 vivit,
623 2030 714 2112 quod
733 2040 788 2094 est
806 2031 961 2111 cogitare
979 2039 1016 2094 et
1034 2028 1134 2094 velle.
1180 2027 1300 2092 Omnis
1316 2029 1381 2092 ita·

267 2143 332 2204 que
354 2125 428 2188 vita
448 2124 637 2200 rationalis,
658 2143 744 2206 quae
766 2133 911 2207 apparet
933 2125 967 2187 in
990 2143 1144 2204 corpore,
1164 2122 1235 2204 ejus
1258 2133 1324 2198 est,
1344 2132 1381 2186 et

268 2217 353 2282 nihil
370 2219 542 2300 corporis:
567 2237 691 2300 corpus
706 2219 809 2294 enim,
833 2228 871 2282 ut
890 2239 991 2301 supra
1009 2215 1148 2292 dictum,
1168 2227 1221 2282 est
1244 2218 1382 2280 materi-

268 2311 333 2386 ale,
352 2332 392 2376 ac
415 2311 605 2388 materiale,
626 2313 716 2396 quod
739 2321 793 2376 est
814 2314 986 2395 proprium
1009 2314 1172 2394 corporis,
1193 2321 1247 2376 est
1269 2312 1383 2392 adjec-

268 2416 342 2470 tum
360 2417 396 2471 et
416 2426 525 2488 paene
543 2407 630 2469 sicut
649 2405 845 2488 adjunctum
868 2408 1010 2489 spiritui,
1030 2407 1075 2470 ob
1094 2425 1232 2470 causam
1255 2416 1292 2470 ut
1314 2407 1382 2487 spl-

269 2502 352 2564 ritus
371 2501 519 2564 hominis
537 2501 647 2582 possit
665 2521 769 2582 agere
787 2502 895 2565 vitam
913 2511 950 2565 et
965 2521 1070 2582 agere
1088 2521 1168 2564 usus
1183 2502 1216 2564 in
1237 2499 1383 2564 naturali

269 2597 407 2672 mundo,
437 2594 530 2676 cujus
556 2595 671 2658 omnia
699 2605 779 2660 sunt
810 2595 1000 2660 materialia
1029 2615 1070 2658 ac
1096 2596 1131 2659 in
1160 2616 1197 2658 se
1224 2595 1407 2677 expertia¹

270 2691 374 2754 vitae.
418 2689 467 2752 Et
486 2690 563 2771 quia
586 2688 762 2753 materiale
785 2709 853 2752 non
872 2690 967 2764 vivit,
988 2690 1049 2754 sed
1072 2690 1176 2754 modo
1198 2688 1383 2770 spirituale,

270 2795 429 2849 constare
452 2794 580 2866 potest,
604 2785 695 2866 quod
725 2784 884 2866 quicquid
906 2785 990 2847 vivit
1014 2785 1105 2865 apud
1135 2785 1320 2858 hominem,
1340 2783 1384 2846 sit

271 2879 341 2960 ejus
363 2880 511 2960 spiritus,
537 2887 572 2943 et
601 2879 691 2960 quod
715 2897 838 2959 corpus
861 2879 966 2942 modo
989 2879 1153 2942 inserviat
1183 2879 1224 2953 ei,
1249 2897 1385 2961 prorsus

271 2975 358 3038 sicut
382 2971 642 3038 instrumentale
661 2973 693 3035 vi
712 2973 868 3036 moventi
887 2975 1004 3037 vivae:
1036 2974 1160 3037 dicitur
1183 2974 1319 3055 quidem
1342 2972 1385 3036 de

271 3070 512 3140 instrumento,
532 3067 621 3148 quod
644 3076 738 3147 agat,
758 3076 908 3142 moveat,
928 3076 988 3130 aut
1009 3067 1130 3144 leriat;
1163 3067 1225 3130 sed
1248 3067 1386 3130 credere

272 3161 363 3246 quod
386 3162 431 3225 sit
454 3161 684 3235 instrumenti,
704 3170 740 3224 et
763 3181 832 3224 non
854 3161 926 3243 ejus
949 3163 1005 3244 qui
1027 3182 1088 3244 per
1109 3161 1143 3224 id
1165 3162 1249 3244 agit,
1269 3170 1387 3224 movet

272 3267 331 3320 aut
349 3256 437 3330 ferit,
456 3254 591 3318 fallacia
609 3263 673 3318 est.

334 3363 436 3432 433·
466 3348 636 3430 Quoniam
653 3367 754 3412 omne
770 3349 862 3431 quod
878 3349 963 3412 vivit
981 3349 1016 3412 in
1032 3369 1185 3432 corpore,
1202 3359 1238 3414 et
1254 3369 1299 3414 ex
1314 3351 1388 3414 vita

273 3445 400 3525 agitet
423 3445 541 3516 sentit,
562 3444 660 3507 unice
683 3452 737 3508 est
760 3445 910 3525 spiritus,
930 3453 966 3508 et
989 3445 1072 3508 nihil
1094 3445 1256 3526 corporis,
1276 3445 1387 3527 sequi·

273 3549 328 3600 tur
350 3538 441 3620 quod
468 3539 605 3620 spiritus
627 3538 672 3600 sit
696 3538 768 3619 ipse
797 3537 920 3616 homo;
953 3557 1014 3601 seu
1037 3539 1127 3621 quod
1150 3538 1272 3612 simile,
1296 3538 1388 3620 quod

274 3632 377 3695 homo
389 3633 423 3694 in
439 3653 474 3695 se
491 3629 663 3713 spectatus
675 3632 720 3695 sit
736 3632 883 3714 spiritus,
897 3642 933 3696 et
947 3653 1080 3716 quoque
1095 3633 1129 3696 in
1145 3632 1246 3696 simili
1258 3632 1388 3696 forma:

275 3745 353 3788 nam
369 3727 526 3808 quicquid
542 3726 625 3789 vivit
644 3734 680 3788 et
699 3727 807 3788 sentit
823 3726 857 3788 in
873 3725 1011 3790 homine
1027 3735 1081 3790 est
1099 3725 1170 3808 ejus
1188 3727 1336 3808 spiritus,
1353 3735 1389 3790 et

276 3819 357 3882 nihil
376 3839 444 3882 non
467 3821 501 3882 in
524 3820 662 3884 homine
681 3839 701 3882 a
720 3819 834 3900 capite
857 3820 900 3882 ad
924 3819 1079 3901 plantam
1101 3821 1198 3902 pedis
1216 3820 1288 3902 ejus
1307 3821 1389 3882 vivit

275 3923 311 3978 et
334 3915 463 3992 sentit;
496 3913 576 3977 inde
598 3921 663 3986 est,
683 3914 785 3995 quod,
806 3933 883 3976 cum
906 3925 1084 3996 separatur
1106 3935 1229 3997 corpus
1253 3917 1297 3978 ab
1319 3913 1389 3996 ejus

276 4009 406 4090 spiritu,
427 4008 518 4090 quod
541 4008 664 4070 dicitur
687 4008 782 4081 mori,
806 4007 910 4071 homo
928 4019 1067 4071 maneat
1090 4029 1196 4090 usque
1218 4009 1334 4084 homo,
1355 4025 1390 4076 et

276 4105 380 4166 vivat.
424 4101 551 4166 Audivi
574 4121 592 4164 e
615 4101 724 4176 caelo,
744 4101 834 4182 quod
858 4103 995 4185 quidam
1014 4103 1070 4186 qui
1094 4105 1293 4180 moriuntur,
1313 4123 1390 4168 cum

277 4198 390 4278 jacent
413 4217 513 4278 super
534 4193 631 4259 ferali
653 4214 783 4270 mensa,
808 4205 994 4279 antequam
1017 4199 1213 4261 resuscitati
1243 4208 1334 4272 sunt,
1358 4200 1390 4262 in

277 4313 338 4354 suo
353 4291 475 4372 frigido
494 4311 634 4371 corpore
654 4289 758 4352 etiarn
775 4291 942 4370 cogitent,
961 4311 1024 4355 nec
1043 4291 1156 4354 sciant
1174 4291 1275 4355 aliter
1290 4311 1391 4374 quam

277 4385 368 4468 quod
387 4385 496 4448 adhuc
516 4385 645 4458 vivant,
665 4383 726 4446 sed
746 4402 824 4445 cum
842 4383 1042 4462 differentia,
1062 4385 1155 4468 quod
1172 4405 1240 4448 non
1260 4387 1391 4466 possint

278 4480 425 4562 aliquam
444 4477 647 4560 particulam
666 4477 889 4554 materialem,
906 4499 992 4562 quae
1008 4481 1143 4563 propria
1158 4481 1311 4564 corporis
1326 4489 1391 4554 est,

279 4593 428 4638 movere.
