3350 5366
445 594 583 647 sarnus
605 589 757 648 sessos.
773 591 939 647 somnus
961 593 1053 647 ross
1075 594 1250 648 norrun.
1345 555 1412 666 '315

296 765 435 842 mundo,
455 765 565 848 gavisi
588 767 667 840 sint,
688 765 780 849 quod
803 785 884 830 suos
906 766 1034 830 amicos
1057 766 1182 831 iterum
1205 767 1357 843 videant,
1378 779 1414 833 et

294 863 395 926 amici
411 863 560 925 vicissim
577 861 668 944 quod
685 863 728 925 ad
748 860 826 926 illos
842 862 1010 926 venerint.
1055 861 1134 926 Hoc
1150 881 1332 927 commune
1348 873 1415 938 est,-

294 958 386 1041 quod
417 956 542 1040 conjux
571 957 753 1040 conjugem
778 959 973 1034 conveniat,
992 967 1030 1022 et
1060 959 1348 1040 congratulentur
1377 979 1415 1022 se

294 1063 436 1132 mutuo;
470 1063 729 1117 commorantur
750 1055 856 1117 etiarn
880 1073 957 1129 una,
982 1054 1043 1118 sed
1066 1053 1193 1118 diutius
1216 1065 1253 1119 et
1276 1055 1413 1119 brevius

293 1149 481 1212 secundum
501 1147 770 1212 cohabitationis
786 1147 972 1228 jucundum
995 1149 1029 1212 in
1053 1149 1205 1228 mund03
1236 1159 1272 1213 at
1295 1169 1412 1232 usque,

293 1244 321 1306 si
351 1261 420 1307 non
447 1263 544 1307 amor
566 1263 646 1308 vere
665 1243 867 1324 conjugialis
896 1263 958 1307 eos
982 1241 1212 1324 conjunxerit,
1232 1246 1289 1328 qui
1316 1263 1414 1308 amor

293 1348 347 1402 est
370 1336 563 1420 conjunEiio
586 1339 753 1403 mentium
777 1359 822 1402 ex
846 1359 963 1403 amore
985 1337 1138 1415 caelesti,
1159 1349 1239 1423 post
1258 1339 1413 1424 aliquan·

292 1443 366 1498 tam
390 1435 697 1498 commorationem
716 1445 928 1516 separantur.
973 1431 1009 1498 Si
1032 1443 1146 1498 autem
1171 1443 1306 1498 mentes
1330 1455 1412 1497 con·

288 1527 407 1610 jugum
437 1527 679 1593 mdissederant
711 1531 802 1593 inter
834 1549 882 1602 se,
913 1549 953 1593 ac
987 1549 1025 1593 se
1057 1529 1199 1593 interius
1232 1539 1413 1594 aversatae

291 1623 437 1702 luerunt,
462 1634 645 1706 erumpunt
675 1627 709 1688 in
740 1617 879 1706 apertas
908 1625 1117 1700 inimicitias,
1141 1635 1177 1689 et
1206 1625 1413 1707 quandoque

291 1721 381 1784 inter
400 1739 436 1784 se
455 1719 642 1797 dimicant;
666 1730 702 1784 et
721 1727 839 1784 tamen
858 1739 964 1802 usque
984 1741 1053 1782 non
1072 1729 1283 1802 separantur,
1303 1721 1411 1802 prius·

291 1833 393 1897 quam
410 1813 555 1879 alterum
572 1823 714 1890 statum,
728 1815 771 1878 de
787 1835 855 1898 quo
873 1815 907 1877 in
927 1833 1011 1879 mox
1030 1816 1264 1898 sequentibus
1281 1815 1411 1880 ineunt.

353 1923 456 1992 495.
487 1905 576 1990 Quia
594 1911 667 1973 vita
686 1911 876 1974 recentium
893 1911 1072 1992 spirituum
1092 1929 1161 1973 non
1177 1909 1342 1973 absimilis
1358 1921 1412 1975 est

290 2005 384 2068 vitae
407 2003 542 2067 illorum
566 2005 599 2068 in
623 2005 768 2068 naturali
791 2005 930 2080 mundo,
955 2015 991 2068 et
1018 2005 1189 2090 quianon
1213 2005 1326 2070 sciunt
1349 2007 1412 2070 ali·

291 2099 370 2182 quid
387 2099 431 2162 de
447 2109 543 2164 statu
559 2101 651 2164 vitae
665 2121 745 2164 suae
761 2111 840 2183 post
857 2109 1016 2174 mortem,
1031 2119 1094 2164 nec
1110 2100 1238 2184 aliquid
1255 2101 1298 2165 de
1314 2103 1412 2166 caelo

291 2205 327 2259 et
350 2193 492 2270 inferno,
517 2206 655 2278 praeter
678 2216 765 2279 quae
788 2217 833 2260 ex
856 2215 960 2260 sensu
983 2195 1122 2260 litterae
1141 2195 1248 2264 Verbi
1272 2207 1308 2261 et
1331 2200 1411 2262 inde

290 2291 546 2372 praedicatione
565 2291 769 2366 didicerunt,
789 2292 868 2355 ideo
887 2301 1071 2374 postquam
1090 2291 1201 2356 mirati
1221 2301 1301 2356 sunt
1320 2293 1412 2376 quod

289 2389 323 2450 in
353 2406 496 2468 corpore
519 2387 598 2460 sint,
620 2397 655 2450 et
684 2387 718 2450 ln
749 2388 842 2451 omni
862 2407 964 2450 sensu
993 2387 1028 2450 in
1051 2407 1120 2469 quo
1148 2386 1184 2450 in
1214 2387 1353 2464 mundo,
1374 2399 1411 2453 et

290 2481 381 2564 quod
401 2481 524 2545 similia
539 2483 692 2559 videant,
713 2483 747 2545 in
771 2483 977 2546 desiderium
996 2483 1139 2546 veniunt
1158 2483 1289 2547 sciendi
1308 2484 1411 2567 quale
1450 2515 1453 2522 v

289 2587 343 2640 est
360 2575 504 2650 caelum,
522 2587 557 2640 et
574 2577 673 2660 quale
690 2575 868 2654 infernum,
885 2597 925 2640 ac
941 2577 1089 2640 ubinam.
1135 2576 1250 2658 Quare
1267 2580 1310 2643 ab
1326 2581 1410 2643 ami·

289 2673 337 2734 cis
355 2671 565 2735 instruuntur
584 2673 627 2734 de
646 2681 740 2736 statu
759 2675 851 2736 vitae
870 2681 1042 2747 aeternae,
1060 2681 1097 2736 et
1115 2693 1249 2756 quoque
1266 2675 1409 2738 circum·

289 2765 460 2830 ducuntur
483 2767 526 2830 ad
550 2769 642 2831 varia
666 2767 752 2842 loca,
773 2778 809 2831 et
832 2769 865 2831 in
889 2769 982 2831 varia
1005 2769 1191 2844 consortia,
1212 2778 1248 2832 et
1271 2770 1409 2852 quidam

288 2863 322 2924 in
341 2863 511 2938 civitates,
533 2872 568 2926 et
586 2883 720 2946 quoque
744 2863 777 2925 in
797 2861 917 2926 hortos
941 2873 976 2926 et
1001 2863 1188 2944 paradisos,
1209 2861 1408 2950 plerumque

288 2957 332 3020 ad
356 2957 547 3039 magnifica,
568 2959 729 3042 quoniam
752 2957 837 3022 talia
860 2955 1037 3022 oblectant
1061 2969 1208 3023 externa
1231 2959 1264 3021 in
1289 2961 1409 3042 quibus

288 3061 378 3114 sunt.
424 3051 595 3115 Feruntur
614 3061 695 3116 tunc
715 3071 776 3135 per
794 3055 887 3116 vices
910 3053 943 3115 in
963 3071 1041 3115 suas
1060 3051 1304 3134 cogitationes,
1325 3073 1409 3136 quas

288 3147 331 3210 de
350 3155 444 3210 statu
463 3167 544 3210 suae
563 3149 697 3210 animae
717 3158 798 3228 post
817 3157 976 3222 mortem,
997 3147 1108 3230 deque
1124 3147 1222 3211 caelo
1240 3157 1276 3211 et
1295 3147 1339 3210 de
1357 3150 1407 3211 in·

287 3241 393 3318 lerno,
411 3243 444 3304 in
461 3243 532 3306 vita
548 3244 698 3324 corporis
714 3243 918 3320 habuerunt,
931 3253 966 3306 et
986 3243 1050 3306 hoc
1069 3243 1233 3326 usquead
1249 3243 1408 3324 indigna·

287 3337 418 3400 tionem
449 3337 540 3420 quod
570 3337 619 3402 illi
649 3323 734 3402 t'alia
764 3358 901 3422 prorsus
932 3337 1180 3419 ignoraverint,
1205 3347 1241 3401 et
1272 3357 1408 3420 quoque

287 3431 380 3516 quod
403 3431 550 3496 ecclesia
573 3433 720 3516 ignoret.
766 3433 879 3496 Paene
902 3451 1021 3496 omnes
1049 3433 1190 3516 cupiunt
1216 3433 1303 3496 scire
1327 3453 1407 3495 num

287 3529 321 3592 in
341 3527 473 3592 caelum
493 3529 627 3592 venturi
644 3529 732 3591 sint:
757 3529 908 3612 plerique
928 3529 1073 3592 credunt
1093 3525 1184 3612 quod
1208 3529 1240 3591 in
1261 3529 1406 3602 caelum,

287 3625 364 3708 quia
394 3624 428 3685 in
456 3625 583 3686 mundo
607 3623 772 3687 moralem
797 3631 832 3686 et
856 3623 990 3686 civilem
1014 3624 1121 3686 vitam
1141 3633 1307 3704 egerunt;
1339 3643 1407 3686 non

287 3721 485 3802 cogitantes
501 3719 592 3801 quod
612 3718 692 3780 mali
711 3739 750 3781 ac
770 3717 851 3781 boni
870 3717 1017 3782 similem
1037 3720 1144 3782 vitam
1163 3727 1272 3800 agant
1292 3717 1325 3780 in
1344 3739 1406 3782 ex·

287 3816 405 3890 ternis,
423 3813 577 3878 similiter
596 3813 670 3876 aliis
688 3813 780 3876 bona
797 3813 936 3888 faciant,
957 3834 996 3877 ac
1013 3813 1171 3877 similiter
1188 3813 1408 3898 frequentent

287 3910 431 3992 templa,
455 3918 490 3972 et
520 3907 718 3972 auscultent
741 3909 1028 3992 praedicationes,
1053 3919 1089 3973 et
1112 3918 1233 3988 orent;
1271 3927 1408 3990 prorsus

287 4026 356 4070 non
380 4005 530 4068 scientes
560 4004 651 4086 quod
683 4005 819 4068 externi
842 4000 937 4066 actus
960 4013 995 4067 et
1018 4014 1165 4066 externa
1188 4003 1301 4066 cultus
1325 4003 1407 4067 nihil
1512 4057 1520 4069 .

201 4156 204 4160 .
286 4101 425 4176 saciant,
456 4099 517 4162 sed
547 4100 683 4163 interna
709 4121 755 4162 ex
782 4099 903 4182 quibus
930 4108 1077 4162 externa
1103 4099 1304 4182 procedunt.
1350 4099 1406 4162 Ex

287 4195 417 4279 aliquot
437 4195 530 4258 mille
549 4195 608 4258 vix
628 4215 712 4257 unus
732 4195 797 4258 scit
817 4195 895 4278 quid
913 4195 1058 4268 interna,
1076 4203 1112 4257 et
1131 4194 1221 4276 quod
1241 4195 1274 4256 in
1293 4193 1346 4256 his
1363 4195 1407 4258 sit

287 4291 420 4354 caelum
444 4300 480 4354 et
503 4289 650 4353 ecclesia
668 4289 821 4367 homini;
853 4299 889 4353 et
908 4289 1018 4352 minus
1042 4287 1132 4371 quod
1156 4289 1293 4353 externi
1311 4283 1407 4351 attus

287 4386 376 4450 tales
402 4387 483 4461 sint,
507 4384 626 4468 quales
649 4395 729 4448 sunt
752 4384 965 4447 intentiones
987 4393 1023 4446 et
1046 4384 1289 4463 cogitationes,
1314 4383 1406 4446 etin

287 4481 340 4544 his
362 4499 459 4544 amor
482 4489 518 4543 et
540 4479 635 4555 fides,
657 4501 702 4543 ex
729 4479 851 4562 quibus
875 4488 976 4556 sunt;
1011 4487 1046 4542 et
1076 4497 1152 4542 cum
1183 4479 1406 4550 instruuntur,

288 4595 356 4639 non
386 4575 528 4658 capiunt
549 4575 640 4658 quod
668 4575 824 4656 cogitare
851 4583 886 4638 et
914 4573 1003 4636 velle
1031 4573 1159 4656 aliquid
1184 4573 1322 4649 iaciant,
1347 4575 1407 4636 secl
