3382 5358
279 679 428 732 GENTES
445 678 512 729 SEU
530 677 665 728 POPULI
681 677 810 758 EXTRA
828 675 1041 726 ECCLESIAM
1058 675 1099 726 IN
1115 675 1251 726 CAELO.
1299 677 1359 746 197

237 852 426 916 dicaverint
440 849 532 932 quod
550 849 694 912 aliorum
706 856 800 912 esset
815 867 823 926 ;
849 845 1098 930 (cogitationes
1114 847 1148 910 in
1164 847 1274 912 altera
1286 847 1359 912 vita

236 965 357 1009 omnes
376 943 674 1008 communicantur
685 941 710 1026 ς)
735 943 1005 1005 commotionem
1024 941 1129 1004 animi
1145 963 1262 1009 eorum
1281 963 1358 1025 per·

236 1043 350 1124 cipere
361 1041 481 1102 datum
494 1047 548 1101 est
563 1057 571 1116 ;
594 1046 669 1100 erat
685 1037 873 1118 agnitionis
886 1036 977 1119 quod
993 1036 1082 1100 sorte
1094 1035 1173 1100 illos
1185 1035 1356 1112 laeserint,

236 1146 309 1200 tum
333 1133 472 1220 pudoris
495 1133 586 1206 inde,
606 1141 643 1195 et
666 1150 734 1194 una
751 1129 894 1193 aliarum
918 1128 1135 1194 affed'tionum
1154 1131 1357 1214 probarum;

234 1229 314 1292 inde
330 1228 421 1313 quod
441 1227 613 1290 charitate
629 1235 748 1288 essent
763 1225 921 1306 praediti,
939 1225 1225 1306 cognoscebatur.
1270 1225 1358 1289 Mox

235 1327 371 1389 locutus
395 1343 470 1386 sum
499 1341 577 1386 cum
604 1321 683 1398 illis,
704 1321 847 1384 tandem
867 1323 972 1384 etiarn
1000 1321 1043 1384 de
1073 1320 1245 1384 Domino:
1279 1339 1358 1384 cum

235 1421 351 1503 Ipsum
375 1419 589 1480 nominarem
613 1415 799 1490 Christum,
819 1417 1051 1496 repugnantia
1074 1416 1243 1498 quaedam
1266 1417 1357 1500 apud

234 1536 294 1580 eos
313 1523 477 1597 percepta
496 1521 572 1589 est;
602 1510 664 1574 sed
687 1529 791 1572 causa
809 1510 1048 1592 detegebatur,
1068 1511 1161 1593 quod
1184 1513 1357 1576 traxerint

233 1611 267 1674 id
287 1633 306 1674 e
326 1609 465 1684 mundo,
483 1626 528 1670 ex
548 1627 590 1668 eo
608 1604 700 1689 quod
720 1607 880 1668 noverint
895 1604 1110 1670 Christianos
1129 1605 1223 1688 pejus
1242 1609 1357 1672 vivere

111 1683 121 1710 ’
233 1724 334 1788 quam
354 1703 413 1778 illi,
431 1710 466 1765 et
485 1703 518 1764 in
538 1700 633 1763 nulla
650 1700 844 1778 charitate;
867 1709 904 1764 at
924 1719 1000 1764 cum
1021 1700 1208 1765 Dominum
1227 1703 1357 1785 simpli·

232 1801 319 1862 citer
343 1799 569 1869 nominarem,
594 1805 676 1858 tunc
706 1795 847 1858 interius
871 1796 1038 1858 commoti
1065 1805 1155 1860 sunt.
1202 1797 1355 1862 Instrue-

232 1894 357 1956 bantur
370 1893 449 1955 dein
465 1892 509 1954 ab
524 1888 669 1970 angelis,
681 1889 773 1971 quod
787 1888 984 1953 Christiana
996 1887 1152 1952 dot'irina
1164 1910 1246 1972 prae
1263 1895 1357 1958 omni

231 1988 299 2051 alia
321 1988 354 2050 in
379 1987 537 2048 universo
561 1985 644 2048 orbe
667 2003 819 2046 amorem
843 1995 879 2046 et
902 1985 1108 2052 charitatem
1132 1987 1354 2066 praescribat,

231 2083 291 2146 sed
322 2081 413 2165 quod
444 2079 541 2162 pauci
572 2079 641 2142 sint
672 2079 727 2160 qui
757 2078 943 2140 secundum
967 2078 1063 2142 illam
1092 2080 1223 2143 vivunt.
1268 2080 1356 2146 Sunt

231 2177 399 2251 Gentiles,
421 2175 487 2257 qui,
512 2192 589 2236 cum
613 2173 774 2235 vixerunt
798 2172 832 2233 in
856 2173 996 2247 mundo,
1022 2193 1067 2236 ex
1090 2177 1355 2243 conversatione

229 2282 265 2335 et
285 2271 375 2334 sama
395 2277 635 2350 cognoverunt
654 2267 745 2348 quod
760 2263 947 2329 Christiani
967 2266 1093 2330 malam
1109 2269 1217 2332 vitam
1234 2283 1352 2352 agant,

229 2367 323 2429 utin
348 2364 538 2436 adulteriis,
559 2363 593 2424 in
618 2361 717 2436 odiis,
741 2362 775 2423 in
799 2361 892 2436 rixis,
914 2362 947 2424 in
973 2363 1155 2439 ebrietate,
1176 2374 1212 2427 et
1236 2366 1354 2442 simili·

111 2467 114 2476 '
229 2460 303 2536 bus,
318 2480 405 2543 quae
422 2457 470 2521 illi
488 2458 703 2528 horruerunt,
718 2457 797 2537 quia
813 2455 897 2518 talia
913 2467 1036 2520 contra
1052 2477 1169 2520 eorum
1182 2459 1354 2542 religiosa.

229 2553 284 2617 Illi
302 2555 336 2616 in
353 2553 464 2616 altera
481 2552 554 2614 vita
570 2550 644 2614 aliis
661 2550 851 2612 timidiores
868 2561 948 2613 sunt
965 2553 1151 2634 recipiendi
1168 2574 1250 2617 vera
1265 2553 1354 2620 fidei.

229 2646 297 2712 Sed
319 2649 533 2711 instruuntur
557 2646 601 2709 ab
624 2645 769 2727 angeliS,
795 2645 886 2728 quod
906 2643 1063 2710 doctrina
1086 2645 1292 2724 Christiana,
1312 2671 1352 2716 ac

228 2745 301 2826 ipsa
319 2743 414 2818 fides,
430 2761 572 2824 prorsus
586 2739 677 2803 aliud
697 2741 844 2817 doceat;
880 2749 916 2802 at
936 2741 1027 2822 quod
1051 2741 1100 2804 illi
1124 2743 1235 2805 minus
1251 2765 1353 2827 quam

228 2836 383 2902 Gentiles
408 2835 596 2900 secundum
620 2831 823 2898 doetrinalia
845 2833 984 2897 vivant:
1020 2855 1206 2917 quaecum
1230 2857 1353 2920 apper-

228 2933 369 3014 cipiunt,
397 2951 480 2994 vera
505 2929 583 2992 lidei
611 2929 790 3011 recipiunt,
817 2937 854 2992 et
886 2927 1074 2992 Dominum
1104 2931 1262 3007 adorant,
1290 2935 1353 2998 sed

228 3047 388 3202 serl336.
419 3118 610 3184 Commune
629 3127 693 3192 est,
711 3116 802 3200 quod
823 3115 991 3190 Gentiles,
1008 3117 1064 3199 qui
1083 3119 1270 3184 adorarunt
1287 3117 1351 3186 ali·

226 3233 327 3297 quem
347 3213 449 3277 deum
469 3213 532 3275 sub
550 3213 699 3294 imagine
718 3221 778 3274 aut
798 3219 925 3284 statua,
944 3211 1000 3274 vel
1019 3211 1158 3294 aliquod
1178 3215 1351 3296 sculptile,

226 3309 306 3371 du'rn
324 3309 358 3370 in
375 3308 521 3370 alteram
538 3307 646 3370 vitam
662 3306 815 3379 veniunt,
834 3305 1097 3369 introducantur
1112 3308 1156 3370 ad
1172 3309 1350 3389 quosdam,

225 3403 281 3486 qui
312 3401 392 3465 loco
416 3421 535 3466 eorum
559 3401 701 3465 deorum
725 3421 784 3463 seu
807 3399 977 3463 idolorum
1001 3411 1091 3476 sunt,
1112 3423 1156 3465 ex
1188 3423 1291 3468 causa
1313 3415 1352 3470 ut

225 3497 426 3578 phantasias
446 3517 524 3559 suas
544 3505 696 3572 exuant;
729 3494 818 3574 apud
838 3515 923 3577 quos
943 3513 1019 3557 cum
1044 3516 1104 3578 per
1126 3496 1257 3579 aliquot
1276 3499 1350 3564 dies

223 3590 371 3666 suerunt,
393 3591 474 3654 inde
498 3590 704 3654 auferuntur.
751 3587 818 3669 Qui
842 3589 1029 3654 adorarunt
1053 3589 1221 3667 homines,
1245 3595 1350 3658 etiam

223 3685 430 3769 quandoque
450 3685 494 3748 ad
517 3706 588 3760 eos,
609 3683 664 3748 vel
687 3685 732 3746 ad
756 3683 842 3746 alios
866 3685 922 3766 qui
947 3683 1026 3748 loco
1045 3705 1174 3761 eorum,
1193 3687 1350 3751 introdu-

223 3791 365 3860 cuntur;
390 3781 480 3844 sicut
497 3780 611 3862 plures
624 3801 670 3842 ex
684 3779 832 3860 Judaeis.
849 3780 892 3842 ad
912 3779 1159 3854 Abrahamum,
1170 3781 1348 3862 Jacobum,

223 3874 356 3950 Mosen,
372 3875 565 3954 Davidem;
590 3875 651 3937 sed
670 3893 748 3937 cum
768 3875 1008 3957 appercipiunt
1029 3876 1120 3958 quod
1139 3875 1210 3940 tale
1228 3878 1349 3941 huma·
1426 3911 1429 3918 ·

222 3989 301 4032 num
332 3971 372 4032 iis
403 3971 449 4034 sit
476 3970 566 4032 sicut
590 3968 677 4044 aliis,
700 3979 737 4034 et
769 3970 861 4052 quod
886 3971 970 4034 nihil
996 3973 1070 4052 opis
1093 3971 1179 4034 serre
1202 3974 1347 4055 possint,

222 4063 409 4145 pudebunt,
427 4073 463 4127 et
482 4065 525 4127 ad
545 4085 606 4126 sua
622 4065 699 4128 loca
715 4069 903 4130 secundum
921 4069 1029 4131 vitam
1046 4066 1204 4130 feruntur,
1253 4067 1350 4132 Inter

222 4156 353 4222 Gentes
373 4159 407 4221 in
423 4158 522 4222 caelo
538 4161 689 4224 maxime
705 4160 896 4244 diliguntur
914 4162 1088 4240 Africani3
1109 4161 1145 4224 hi
1159 4162 1249 4224 enim
1265 4161 1347 4226 saci·

222 4251 285 4316 lius
301 4252 440 4338 reliquis
459 4258 628 4340 recipiunt
647 4257 740 4321 bona
759 4267 795 4321 et
815 4279 897 4322 vera
913 4259 1019 4322 caeli:
1045 4257 1167 4321 volunt
1183 4258 1347 4338 imprimis

221 4347 286 4411 dici
299 4351 516 4426 obedientes,
530 4375 599 4419 non
612 4375 695 4418 vero
708 4353 837 4418 fideles.
885 4355 1024 4431 Dicunt,
1039 4355 1130 4438 quod
1148 4353 1344 4428 Christiani,

220 4443 299 4525 quia
323 4445 402 4512 fidei
426 4445 618 4511 doctrinam
642 4449 785 4524 habent,
807 4449 941 4529 possint
965 4449 1084 4513 fideles
1108 4448 1296 4524 nominari;
1323 4448 1346 4512 ii

219 4561 303 4605 vero
329 4539 430 4626 [non]
459 4543 523 4606 nisi
546 4541 641 4606 illam
665 4543 845 4638 recipiant,
871 4555 942 4620 aut,
968 4553 1005 4608 ut
1036 4544 1167 4619 dicunt,
1192 4542 1344 4622 recipere

220 4639 368 4722 possint.
