3408 5358
274 661 336 710 202
599 655 650 706 DE
673 653 800 706 CAELO
824 655 873 706 ET
896 655 1078 706 INFERNO.

271 831 307 894 in
328 827 478 904 caelum,
498 834 535 892 et
553 825 621 891 hoc
640 825 902 910 incomparabili
919 827 1105 910 prudentia
1124 835 1160 891 et
1179 827 1339 910 pietate,
1362 842 1402 896 et

272 927 366 1014 quod
389 921 549 989 infantile
571 931 659 997 erat,
683 920 850 986 funiculos
873 921 942 986 iere
966 923 1221 1004 inconspicuos,
1246 925 1401 989 mollius·

272 1021 371 1088 culos
389 1029 426 1084 et
445 1017 649 1081 tenerrimos
665 1015 911 1092 demittebant,
928 1016 1050 1100 quibus
1067 1016 1253 1082 Dominum
1271 1019 1400 1084 alleva·

275 1131 352 1185 rent
373 1117 408 1180 in
431 1131 599 1190 ascensu;
630 1129 766 1193 semper
789 1111 824 1173 in
848 1107 969 1174 saneto
993 1111 1128 1187 timore,
1151 1131 1194 1174 ne
1220 1115 1401 1197 quicquam

275 1219 308 1280 ln
326 1206 623 1296 repraesentativo
639 1206 830 1286 attingeret
850 1204 977 1288 aliquid
998 1207 1032 1267 in
1054 1225 1122 1287 quo
1139 1226 1208 1272 non
1225 1209 1401 1290 spirituale

273 1309 434 1375 caeleste.
479 1303 620 1366 Praeter
638 1299 706 1363 alia
725 1301 1036 1381 repraesentativa,
1058 1301 1093 1364 in
1117 1303 1238 1385 quibus
1257 1315 1348 1379 sunt,
1365 1316 1401 1368 et

274 1424 334 1488 per
352 1423 439 1486 quae
457 1401 491 1463 in
511 1397 729 1478 cognitiones
749 1395 820 1458 veri
844 1405 880 1458 et
906 1392 1105 1460 afledtiones
1125 1397 1217 1474 boni,
1234 1399 1322 1462 sicut
1341 1418 1402 1480 per

275 1499 375 1563 ludos
393 1496 562 1560 infantum
583 1491 706 1554 animis
729 1489 933 1565 conformes,
957 1491 1199 1574 perducuntur.

336 1592 440 1676 356.
470 1587 590 1670 Qualis
613 1585 749 1648 illorum
775 1594 875 1648 tener
900 1582 1100 1648 intellectus
1124 1595 1190 1663 est,
1214 1587 1321 1652 etiarn
1343 1609 1398 1650 os·

273 1699 411 1755 tensum
430 1695 495 1749 est.
540 1681 625 1746 Cum
645 1678 848 1744 Orationem
869 1681 1010 1744 Domini
1030 1703 1174 1758 orarem,
1194 1693 1230 1746 et
1249 1683 1297 1748 illi
1317 1693 1398 1748 tunc

274 1787 308 1848 in
327 1783 422 1848 ideas
441 1777 665 1860 cogitationis
690 1796 787 1840 meae
810 1775 990 1840 influerent
1013 1797 1059 1839 ex
1082 1797 1144 1842 suo
1162 1775 1397 1850 intellectuali,

274 1875 569 1962 appercipiebatur
588 1872 679 1954 quod
705 1871 853 1934 influxus
879 1891 997 1934 eorum
1023 1883 1116 1937 esset
1146 1882 1218 1936 tam
1242 1883 1398 1936 teneret

275 1973 401 2047 mollis,
425 1977 463 2032 ut
492 1987 601 2052 paene
626 1976 720 2030 esset
744 1966 850 2028 solius
875 1963 1085 2046 afledtionis;
1120 1976 1156 2031 et
1184 1967 1286 2032 simul
1317 1977 1398 2031 tunc

275 2065 533 2138 observabatur,
566 2061 656 2145 quod
687 2059 924 2125 intellectuale
956 2081 1073 2126 eorum
1107 2075 1201 2128 esset
1240 2075 1398 2146 apertum

275 2184 381 2247 usque
400 2181 421 2224 a
439 2159 600 2233 Domino,
621 2176 701 2220 nam
722 2166 797 2220 erat
818 2157 906 2219 sicut
925 2155 1130 2220 transfluens
1149 2159 1240 2240 quod
1259 2159 1398 2222 abillis.

278 2257 443 2324 Dominus
462 2255 567 2316 etiam
597 2253 632 2314 in
661 2251 830 2314 infantum
856 2251 951 2314 ideas
971 2251 1171 2332 praeprimis
1201 2253 1245 2316 ab
1271 2254 1399 2318 intimis

274 2353 394 2426 influit,
415 2347 498 2412 nihil
521 2347 610 2410 enim
634 2344 711 2408 illas
734 2343 866 2420 clausit,
888 2345 976 2407 sicut
1000 2345 1091 2426 apud
1114 2346 1276 2426 adult0s;
1305 2347 1399 2412 nulla

275 2447 441 2530 principia
463 2441 540 2506 salsi
563 2441 607 2502 ad
626 2437 892 2520 intelligendum
911 2459 1040 2515 verum,
1066 2460 1131 2504 nec
1156 2443 1228 2506 vita
1251 2443 1332 2507 mali
1354 2443 1398 2507 ad

274 2538 506 2624 recipiendum
527 2535 665 2608 bonum,
692 2541 728 2596 et
755 2535 803 2596 sic
831 2533 875 2596 ad
900 2534 1113 2616 sapiendum.
1159 2535 1216 2600 Ex
1241 2537 1293 2601 his
1315 2558 1398 2602 con·

275 2646 368 2702 stare
385 2641 514 2718 potest,
532 2629 623 2712 quod
640 2627 788 2690 infantes
805 2647 875 2690 non
895 2627 988 2690 illico
1006 2638 1086 2710 post
1104 2641 1252 2694 mortem
1273 2633 1306 2695 in
1325 2643 1397 2696 sta·

274 2741 349 2797 tum
368 2727 563 2810 angelicum
580 2725 733 2798 veniant,
755 2723 816 2785 sed
837 2721 928 2804 quod
949 2741 1008 2804 per
1028 2725 1247 2804 cognitiones
1263 2727 1345 2792 boni
1363 2737 1398 2791 et

273 2827 346 2890 veri
369 2821 562 2886 successive
586 2817 860 2891 introducantur,
887 2825 924 2879 et
955 2814 1020 2879 hoc
1048 2819 1236 2884 secundum
1260 2841 1397 2884 omnem

274 2920 429 2984 ordinem
454 2915 666 2991 caelestem3
695 2929 774 2974 nam
796 2911 948 2974 omnium
973 2912 1113 2974 minima
1134 2933 1252 2978 eorum
1275 2917 1399 2982 indolis

273 3014 424 3077 Domino
457 3019 541 3073 nota
573 3017 663 3080 sunt,
699 3025 803 3088 quare
833 3005 1022 3068 secundum
1049 3009 1166 3072 omnia
1195 3020 1232 3074 et
1265 3011 1399 3094 singula

274 3114 452 3172 momenta
482 3122 598 3168 eorum
628 3101 863 3164 inclinationis
888 3101 1060 3166 ducuntur
1089 3105 1134 3168 ad
1166 3107 1399 3189 recipiendum

273 3223 356 3268 vera
373 3199 454 3265 boni
477 3209 512 3263 et
535 3197 626 3260 bona
644 3195 724 3258 veri.

336 3309 434 3380 337.
464 3291 649 3376 Quomodo
667 3288 783 3352 omnia
802 3287 870 3351 illis
887 3289 1102 3356 insinuantur
1120 3313 1181 3375 per
1194 3293 1345 3377 jucunda
1363 3309 1399 3364 et

273 3410 431 3464 amoena,
451 3408 538 3471 quae
556 3385 659 3468 genio
675 3403 792 3448 eorum
813 3386 1037 3460 conveniunt,
1056 3386 1138 3451 mihi
1156 3391 1262 3454 etiam
1279 3404 1399 3456 osten·

273 3505 349 3551 sum
372 3493 445 3548 est:
480 3483 599 3545 datum
622 3480 713 3542 enim
744 3489 800 3542 est
830 3480 946 3544 videre
972 3480 1121 3545 infantes
1144 3484 1399 3552 decoratissime

274 3577 429 3652 amietos,
453 3579 580 3641 circum
604 3572 722 3658 petius
747 3575 848 3640 sertis
873 3573 993 3640 florum
1022 3598 1068 3640 ex
1091 3581 1341 3646 amoenissimis
1364 3593 1399 3648 et

273 3675 482 3742 caelestibus
504 3671 675 3735 coloribus
701 3672 1030 3754 splendescentium,
1056 3683 1093 3738 et
1117 3695 1251 3757 quoque
1273 3679 1399 3742 circum

273 3781 395 3837 tenera
413 3785 530 3831 eornm
549 3765 697 3829 brachia.
745 3766 930 3850 Quondam
950 3769 1055 3832 etiam
1073 3769 1190 3832 videre
1208 3771 1327 3834 datum
1346 3783 1400 3836 est

273 3866 421 3930 infantes
443 3879 521 3924 cum
544 3860 798 3926 educatricibus
821 3885 889 3928 una
922 3883 998 3928 cum
1023 3864 1211 3946 virginibus
1241 3866 1275 3929 in
1297 3866 1400 3931 horto

273 3959 496 4043 paradisiaco,
520 3976 589 4019 non
613 3957 663 4020 ita
685 3979 731 4021 ex
754 3959 942 4036 arboribus,
969 3963 1030 4025 sed
1051 3982 1097 4025 ex
1121 3962 1282 4026 transtris
1305 3963 1401 4044 quasi

273 4053 409 4128 laureis,
433 4061 470 4115 et
502 4051 550 4115 sic
574 4052 774 4134 porticibus,
800 4057 1034 4134 ornatissimo,
1063 4079 1139 4122 cum
1163 4059 1227 4120 viis
1250 4058 1402 4121 adituum

273 4167 392 4213 versus
421 4147 595 4221 interiora,
624 4155 660 4211 et
693 4148 787 4230 ipsos
818 4149 966 4218 infantes
997 4157 1155 4221 similiter
1182 4166 1265 4220 tunc
1296 4155 1401 4217 amic·

273 4252 354 4322 tos;
388 4251 424 4306 et
451 4261 528 4305 cum
555 4241 744 4316 intrabant,
769 4243 927 4311 floretum
952 4270 1054 4332 supra
1082 4257 1260 4320 introitum
1284 4251 1402 4314 laetis.

273 4339 359 4402 sime
375 4335 700 4419 exsplendescebat.
747 4336 831 4402 Inde
848 4341 967 4422 quales
984 4346 1052 4410 illis
1069 4349 1224 4428 deliciae,
1242 4360 1403 4416 constare

274 4440 403 4514 potest,
422 4441 498 4494 tum
518 4429 609 4511 quod
629 4449 689 4511 per
705 4450 851 4495 amoena
867 4445 903 4498 et
919 4435 1069 4517 jucunda
1085 4445 1351 4514 introducantur
1369 4447 1403 4510 in

273 4526 366 4588 bona
379 4523 599 4586 innocentiae
615 4533 651 4585 et
669 4523 864 4601 charitatis,
878 4549 966 4610 quae
976 4532 1069 4600 bona
1081 4536 1239 4619 jucundis
1256 4553 1291 4609 et
1307 4565 1403 4610 amo·

276 4618 350 4682 enis
370 4615 438 4680 illis
452 4615 584 4697 jugiter
602 4635 623 4679 a
642 4615 792 4682 Domino
812 4619 1037 4689 insinuantur.
