3350 5366
322 631 384 714 37⁸
646 643 698 695 na
721 641 848 694 cnseo
871 641 920 692 ar
943 641 1125 694 ruranuo.

321 815 441 902 quales
465 825 545 884 sunt
568 816 601 881 in
624 815 759 892 fodinis,
781 835 858 880 cum
882 816 990 880 antris
1012 835 1131 880 versus
1154 817 1322 884 inferiora.
1367 821 1443 887 Ple·

321 933 424 997 raque
455 912 585 976 inferna
615 921 695 976 sunt
721 911 918 993 triplicata;
952 912 1127 994 superiora
1156 913 1248 976 intus
1277 928 1444 997 apparent

318 1009 521 1091 caliginosa,
550 1009 628 1092 quia
650 1007 696 1070 ibi
726 1009 760 1070 in
790 1007 885 1070 falsis
914 1006 996 1070 mali
1023 1015 1115 1083 sunt,
1135 1007 1293 1072 inferiora
1322 1021 1439 1076 autem

318 1114 488 1189 apparent
508 1103 628 1185 ignita,
649 1103 727 1184 quia
746 1103 792 1166 ibi
815 1101 850 1165 in
873 1102 955 1184 ipsis
973 1101 1074 1165 malis
1090 1113 1191 1181 sunt;
1215 1104 1330 1187 caligo
1349 1109 1440 1171 enim

318 1201 566 1284 correspondet
585 1199 679 1262 salsis
695 1199 786 1273 mali,
804 1217 844 1262 ac
863 1197 953 1279 ignis
969 1199 1051 1280 ipsis
1072 1199 1190 1276 malis;
1215 1201 1344 1264 namin
1363 1221 1440 1284 pro·

316 1295 527 1359 fundioribus
546 1293 684 1357 infernis
703 1303 784 1356 sunt
808 1293 863 1374 qui
886 1293 1028 1356 interius
1046 1313 1092 1356 ex
1111 1293 1205 1356 malo
1227 1307 1384 1378 egerunt,
1405 1299 1440 1360 in

318 1391 429 1453 minus
452 1389 628 1472 profundis
644 1398 760 1452 autem
777 1397 857 1450 sunt
876 1389 933 1470 qui
952 1389 1113 1463 exterius,
1132 1388 1223 1470 quod
1239 1399 1293 1453 est
1312 1411 1359 1454 ex
1377 1391 1440 1455 fal-

317 1485 363 1547 sis
394 1483 486 1548 mali.
532 1483 572 1548 In
603 1483 805 1566 quibusdam
836 1481 974 1545 infernis
1002 1492 1171 1565 apparent
1199 1484 1289 1548 sicut
1319 1486 1440 1550 rudera

316 1578 480 1642 domuum
509 1598 549 1643 ac
577 1579 709 1642 urbium
738 1587 818 1659 post
848 1577 1018 1652 incendia,
1042 1579 1075 1640 in
1106 1579 1227 1660 quibus
1256 1579 1440 1644 infernales

315 1674 453 1755 spiritus
473 1673 643 1747 habitant,
663 1681 699 1736 et
723 1693 759 1735 se
782 1673 984 1736 recondunt.
1030 1672 1069 1735 In
1089 1673 1281 1737 mitioribus
1300 1675 1438 1739 infernis

315 1779 483 1854 apparent
507 1770 595 1832 sicut
618 1769 719 1832 rudes
738 1787 851 1844 casae,
871 1766 995 1831 alicubi
1019 1769 1205 1850 contiguae
1227 1771 1261 1832 in
1285 1771 1436 1852 speciem

315 1867 419 1942 urbis,
439 1882 516 1928 cum
535 1865 619 1927 vicis
637 1873 673 1927 et
693 1862 817 1944 plateis
834 1884 843 1941 3
866 1863 958 1926 intus
977 1865 1012 1926 in
1031 1863 1189 1926 domibus
1207 1865 1252 1928 ibi
1269 1875 1350 1929 sunt
1370 1868 1438 1950 spi·

314 1961 399 2024 ritus
422 1958 616 2034 infernales,
638 1959 694 2022 ubi
717 1960 900 2022 continuae
920 1959 1029 2034 rixae,
1049 1959 1258 2034 inimicitiae,
1278 1961 1437 2024 verbera·

314 2056 438 2130 tiones,
459 2065 494 2118 et
514 2054 776 2131 dilaniationes;
801 2055 835 2116 in
854 2051 979 2134 plateis
1002 2061 1038 2116 et
1054 2054 1139 2116 vicis
1157 2063 1238 2117 sunt
1257 2053 1439 2120 latrocinia

314 2160 351 2214 et
375 2149 627 2233 praedationes.
673 2147 713 2211 In
737 2149 939 2231 quibusdam
962 2148 1102 2211 infernis
1124 2157 1205 2212 sunt
1229 2169 1323 2213 mera
1340 2149 1437 2234 lupa·

313 2247 418 2322 naria,
433 2266 518 2329 quae
535 2255 627 2310 tetra
642 2247 717 2308 visu
736 2253 827 2318 sunt,
841 2243 984 2325 impleta
1000 2244 1111 2307 omnis
1127 2247 1264 2326 generis
1280 2245 1437 2309 sordibus

313 2351 350 2405 et
374 2341 619 2404 excrementis.
664 2337 752 2402 Sunt
771 2339 877 2402 etiam
897 2339 1004 2402 silvae
1023 2357 1164 2421 opacae,
1184 2340 1219 2402 in
1243 2340 1366 2422 quibus
1384 2342 1435 2404 in·

312 2435 465 2499 fernales
485 2435 622 2518 spiritus
646 2433 733 2496 sicut
752 2431 843 2496 ferae
866 2442 1036 2515 vagantur
1047 2455 1056 2513 3
1076 2453 1115 2497 ac
1138 2435 1184 2498 ibi
1202 2455 1337 2518 quoque
1356 2446 1436 2499 sunt

313 2539 414 2596 antra
428 2529 659 2604 subterranea,
676 2532 709 2591 in
726 2547 814 2610 quae
832 2527 966 2609 fugiunt
985 2529 1041 2610 qui
1060 2525 1272 2593 insectantur
1289 2529 1335 2593 ab
1349 2529 1435 2594 aliis.

312 2623 400 2691 Sunt
418 2645 552 2710 quoque
572 2626 721 2699 deserta,
739 2623 795 2686 ubi
813 2623 897 2685 nihil
917 2623 980 2686 nisi
999 2643 1100 2705 quam
1117 2623 1234 2688 sterile
1253 2635 1289 2689 et
1312 2645 1434 2688 areno-

280 2723 286 2730 ’
311 2739 398 2796 sum,
418 2731 454 2784 et
477 2721 601 2784 alicubi
624 2720 766 2782 scabrae
784 2737 885 2800 rupes
908 2718 1086 2800 inquibus
1109 2739 1288 2794 cavernae,
1309 2720 1435 2784 alicubi

311 2817 416 2880 etiam
441 2835 561 2879 casae:
594 2815 627 2877 in
651 2815 791 2877 deserta
813 2812 899 2876 haec
923 2813 1001 2876 loca
1024 2812 1204 2894 ejiciuntur
1226 2835 1271 2878 ex
1294 2815 1434 2878 infernis

311 2911 367 2992 qui
386 2919 546 2974 extrema
562 2909 653 2992 passi
672 2919 763 2983 sunt,
780 2909 931 2971 maxime
948 2907 996 2970 illi
1015 2909 1072 2991 qui
1090 2909 1125 2971 in
1144 2909 1273 2972 mundo
1289 2909 1434 2973 molien-

311 3005 363 3068 dis
382 3014 418 3070 et
437 3003 675 3068 machinandis
691 3003 819 3066 artibus
838 3013 874 3066 et
894 3001 984 3066 dolis
1000 3005 1187 3068 astutiores
1202 3005 1343 3087 reliquis
1360 3005 1433 3069 fue·

310 3108 412 3178 runt;
436 3100 594 3162 ultimum
613 3117 731 3162 eorum
751 3107 805 3162 est
824 3097 905 3162 talis
923 3099 1007 3162 vita.

373 3193 471 3276 587·
501 3193 603 3276 Quod
622 3195 726 3256 situm
744 3191 951 3256 infernorum
974 3193 1008 3255 in
1032 3194 1146 3274 specie
1169 3195 1309 3270 attinet,
1330 3213 1432 3258 nemo

309 3290 395 3354 scire
419 3299 547 3372 potest,
568 3309 611 3352 ne
634 3289 771 3371 quidem
787 3289 903 3370 angeli
927 3289 960 3351 in
985 3289 1093 3364 caelo,
1114 3289 1175 3351 sed
1195 3289 1287 3352 solus
1311 3290 1431 3353 Domi·

310 3404 393 3464 nus;
421 3395 476 3448 ast
495 3386 581 3448 situs
600 3401 716 3447 eorum
740 3383 774 3447 in
798 3383 971 3446 communi
990 3393 1091 3446 notus
1114 3392 1169 3448 est
1192 3405 1237 3448 ex
1262 3384 1373 3466 plagis
1396 3386 1431 3448 in

309 3481 431 3564 quibus
447 3489 546 3543 sunt:
572 3488 652 3542 sunt
671 3481 761 3541 enirn
780 3478 912 3541 inferna
927 3479 1015 3541 sicut
1035 3478 1121 3541 caeli
1137 3477 1300 3543 distincta
1316 3479 1430 3562 quoad

217 3565 219 3572 ’
309 3575 441 3658 plagas,
466 3595 505 3638 ac
530 3573 654 3656 plagae
677 3575 710 3636 in
735 3573 863 3637 mundo
882 3573 1050 3656 spirituali
1073 3583 1154 3637 sunt
1177 3575 1430 3640 determinatae

308 3672 495 3734 secundum
515 3690 671 3746 amores;
696 3689 775 3731 nam
799 3687 919 3732 omnes
939 3667 1064 3750 plagae
1086 3669 1120 3732 in
1143 3669 1241 3733 caelo
1263 3670 1430 3752 incipiunt

309 3785 329 3829 a
353 3765 503 3829 Domino
527 3773 564 3828 ut
587 3763 679 3840 Sole,
704 3766 760 3846 qui
783 3775 837 3828 est
861 3759 1009 3842 Oriens;
1040 3775 1076 3828 et
1100 3765 1179 3848 quia
1197 3765 1327 3829 inferna
1348 3778 1430 3832 aunt

308 3859 466 3942 opposita
483 3860 598 3932 caelis,
613 3880 729 3922 eorum
744 3859 868 3942 plagae
884 3860 1051 3942 incipiunt
1066 3879 1112 3923 ex
1129 3862 1302 3942 opposito,
1319 3862 1369 3925 ita
1384 3863 1430 3926 ab

308 3954 499 4018 occidente.
548 3953 616 4036 (De
635 3955 687 4017 his
700 3955 858 4018 videatur
873 3955 906 4018 in
923 3954 1068 4018 articulo
1085 3955 1138 4019 De
1154 3965 1300 4038 quatuor
1315 3955 1429 4039 Plagis

307 4050 341 4113 in
359 4048 476 4126 Caelo,
494 4069 526 4112 n.
548 4065 666 4130 141-15
672 4048 716 4132 3.)
749 4049 834 4113 Inde
847 4059 900 4113 est
915 4051 1007 4132 quod
1023 4050 1154 4113 inferna
1170 4052 1204 4113 in
1220 4051 1324 4134 plaga
1337 4053 1427 4114 occi·

307 4144 440 4211 dentali
463 4146 531 4208 sint
555 4145 706 4207 omnium
723 4145 871 4226 pessima
894 4156 930 4209 et
955 4147 1105 4209 maxime
1124 4145 1306 4220 horrenda,
1325 4155 1362 4210 et
1385 4167 1428 4211 eo

306 4240 423 4323 pejora
450 4250 486 4303 et
513 4237 726 4302 horribiliora
748 4258 816 4322 quo
837 4241 1022 4304 remotiora
1052 4241 1096 4302 ab
1124 4241 1269 4315 oriente,
1289 4241 1338 4304 ita
1367 4259 1429 4322 per

306 4335 433 4417 gradus
452 4335 654 4398 successive.
699 4333 787 4398 Sunt
810 4335 844 4397 in
867 4333 934 4398 illis
957 4333 1094 4398 infernis
1117 4335 1139 4398 ii
1161 4335 1217 4418 qui
1240 4336 1273 4397 in
1297 4335 1428 4399 mundo

306 4431 339 4492 in
359 4449 475 4493 amore
492 4431 542 4492 sui
558 4429 704 4503 fuerunt,
722 4449 761 4492 ac
781 4430 861 4493 inde
879 4431 913 4492 in
933 4439 1137 4512 contemptu
1152 4430 1308 4506 aliorum,
1325 4430 1427 4511 inque

306 4525 484 4588 inimicitia
503 4533 626 4588 contra
644 4524 723 4587 illos
742 4526 797 4608 qui
816 4525 879 4588 sibi
899 4525 968 4588 non
987 4525 1164 4604 faverunt3
1191 4534 1265 4589 tum
1288 4526 1322 4588 in
1346 4525 1427 4588 odio

307 4627 343 4684 et
361 4617 513 4684 vindista
528 4627 650 4684 contra
664 4619 742 4685 illos
762 4621 817 4704 qui
836 4641 872 4686 se
892 4639 961 4685 non
980 4621 1135 4685 venerati
1154 4629 1234 4686 sunt
1253 4629 1289 4686 et
1308 4619 1425 4686 colue-
