3350 5366
551 1023 661 1120 DE
727 1019 1147 1120 INFERNO.

694 1328 996 1345 ψ

783 1551 907 1636 [avt]

503 1737 617 1822 Quoo
640 1739 821 1806 Domnus
844 1751 974 1802 sacar
997 1737 1185 1802 Insanus.

346 1923 450 2008 536·
481 1921 601 2004 Supra,
621 1922 678 1986 ubi
697 1921 741 1986 de
759 1920 858 1986 caelo
876 1917 992 1986 abtum
1011 1929 1077 1996 est,
1097 1919 1207 1984 ubiuis
1226 1926 1406 1982 ostensum

283 2030 338 2083 est
361 2019 453 2101 quod
477 2018 647 2082 Dominus
669 2017 715 2082 sit
739 2016 833 2080 Deus
855 2015 953 2091 caeli,
976 2014 1174 2098 (in'specie,
1192 2033 1224 2078 n.
1241 2011 1331 2095 2-6,)
1356 2013 1407 2076 ita

283 2114 376 2196 quod
392 2133 495 2178 omne
507 2114 661 2194 regimen
674 2111 849 2178 caelorum
861 2113 907 2176 sit
925 2112 1081 2176 Domini:
1106 2120 1143 2175 et
1159 2110 1238 2193 quia
1253 2109 1333 2173 talis
1350 2117 1404 2172 est

284 2205 460 2290 respectus
483 2207 571 2272 caeli
594 2208 638 2272 ad
661 2207 840 2284 infernum,
864 2226 905 2270 ac
928 2206 1048 2270 inferni
1071 2206 1115 2270 ad
1146 2205 1292 2279 caelum,
1316 2205 1405 2268 sicut

284 2304 373 2368 inter
391 2303 460 2366 duo
476 2303 649 2384 opposita,
669 2322 758 2385 quae
776 2311 901 2366 contra
918 2321 956 2366 se
974 2310 1094 2364 mutuo
1112 2310 1233 2382 agunt,
1253 2320 1299 2363 ex
1318 2319 1404 2384 quo·

284 2417 357 2462 rum
388 2395 524 2464 aftione
554 2407 590 2466 et
624 2395 797 2462 reaEtione
822 2397 970 2462 resultat
994 2395 1242 2480 aequilibrium,
1273 2397 1306 2458 in
1337 2415 1405 2477 quo

282 2493 473 2558 subsistant
488 2493 614 2567 omnia,
631 2512 736 2574 quare
754 2501 792 2556 ut
807 2491 923 2556 omnia
941 2501 977 2558 et
996 2489 1132 2572 singula
1151 2491 1184 2554 in
1204 2489 1405 2574 aequilibrio

283 2597 479 2662 teneantur,
505 2607 685 2651 necessum
709 2597 764 2652 est
787 2597 825 2650 ut
855 2588 911 2670 qui
933 2587 1023 2668 regit
1047 2604 1150 2648 unum
1174 2587 1281 2648 etiam
1303 2594 1404 2668 regat

282 2682 451 2759 alterum;
483 2699 562 2746 nam
587 2681 651 2746 nisi
677 2682 769 2746 idem
796 2681 964 2747 Dominus
986 2689 1163 2746 coerceret
1187 2679 1333 2754 insultus
1359 2679 1405 2742 ab

281 2777 429 2853 infernis,
450 2789 486 2842 et
505 2788 744 2859 compesceret
763 2778 914 2842 insanias
933 2777 989 2852 ibi,
1009 2777 1134 2858 periret
1153 2775 1402 2860 aequilibrium,

282 2883 318 2938 et
337 2892 415 2938 cum
434 2872 635 2956 aequilibrio
653 2882 776 2936 totum.

344 2981 441 3060 537.
471 2967 540 3032 Sed
561 2969 617 3033 bic
648 2970 793 3051 primum
813 2967 940 3051 aliquid
963 2967 1007 3032 de
1035 2966 1237 3050 aequilibrio
1259 2966 1402 3032 dicetur.

282 3057 413 3128 Notum
430 3075 496 3139 est,
513 3065 605 3148 quod
624 3083 702 3130 cum
717 3065 787 3130 duo
805 3075 928 3128 contra
944 3085 981 3128 se
1000 3073 1120 3128 mutuo
1135 3072 1254 3145 agunt,
1271 3071 1307 3126 et
1326 3081 1402 3126 cum

281 3179 367 3222 unus
386 3169 523 3224 tantum
542 3161 654 3242 reagit
677 3179 717 3226 ac
737 3161 867 3224 resistit
886 3169 1053 3243 quantum
1071 3158 1160 3224 alter
1182 3160 1256 3240 agit
1279 3167 1316 3222 et
1339 3160 1401 3222 im·

281 3253 392 3336 pellit,
411 3256 545 3338 utrique
568 3255 662 3320 nulla
684 3257 735 3320 vis
758 3256 814 3329 sit,
834 3256 912 3338 quia
930 3253 1049 3318 similis
1068 3255 1226 3335 potentia
1244 3255 1403 3337 utrinque

281 3359 347 3424 est,
366 3358 403 3414 et
426 3350 518 3432 quod
537 3360 619 3414 tunc
638 3360 782 3434 uterque
801 3351 911 3432 possit
933 3371 955 3414 a
972 3349 1078 3414 tertio
1096 3349 1152 3430 agi
1170 3348 1214 3412 ad
1234 3347 1401 3426 lubitum;

282 3463 361 3508 nam
381 3446 522 3528 quando
538 3445 633 3510 nulla
651 3447 703 3508 vis
726 3445 860 3510 duobus
878 3453 933 3510 est
952 3466 998 3508 ex
1017 3444 1152 3527 aequali
1171 3445 1401 3527 oppositione,

281 3543 332 3605 vis
355 3544 450 3606 tertii
474 3543 548 3624 agit
575 3563 688 3615 omne,
709 3552 745 3607 et
775 3551 849 3606 tam
878 3541 979 3606 facile
1000 3543 1088 3613 sicut
1111 3541 1205 3606 nulla
1227 3543 1403 3624 oppositio

280 3637 378 3702 soret.
423 3637 511 3702 Tale
534 3637 767 3722 aequilibrium
791 3647 845 3702 est
875 3638 965 3702 inter
990 3637 1155 3702 infernum
1181 3648 1218 3702 et
1248 3637 1401 3716 caelum;
1429 3671 1432 3679 ·

280 3745 336 3798 ast
359 3753 428 3798 non
447 3744 502 3798 est
520 3735 755 3818 aequilibrium
774 3735 863 3798 sicut
882 3734 971 3798 inter
989 3733 1057 3796 duo
1075 3735 1131 3815 qui
1151 3744 1306 3815 pugnant
1325 3755 1401 3798 cor-

281 3849 373 3910 pore,
393 3849 536 3914 quorum
566 3831 665 3894 unius
693 3831 746 3894 vis
775 3829 973 3912 aequivalet
1005 3828 1039 3894 vi
1066 3828 1227 3907 alterius;
1258 3831 1320 3894 sed
1346 3841 1402 3896 est

280 3925 514 4007 aequilibrium
534 3925 721 4009 spirituale,
739 3944 864 4006 nempe
883 3923 960 3988 salsi
979 3932 1101 3988 contra
1119 3944 1247 4000 verum,
1265 3935 1301 3992 et
1321 3927 1402 3990 mali

279 4029 402 4084 contra
416 4021 564 4098 bonum;
588 4041 634 4085 ex
650 4021 783 4085 inferno
795 4021 960 4086 continue
972 4020 1081 4100 spirat
1097 4018 1218 4086 salsum
1234 4041 1280 4084 ex
1296 4021 1400 4098 malo,

281 4125 316 4178 et
340 4135 385 4177 ex
408 4115 505 4180 caelo
523 4117 688 4182 continue
705 4135 825 4180 verum
845 4136 891 4180 ex
914 4115 1017 4180 bono.
1064 4113 1142 4178 Hoc
1166 4115 1400 4197 aequilibrium

279 4209 458 4291 spirituale
477 4221 542 4288 est,
561 4213 654 4296 quod
673 4212 756 4278 lacit
779 4221 818 4276 ut
840 4211 948 4276 bomo
969 4210 1016 4274 sit
1039 4209 1072 4274 ln
1096 4208 1204 4274 libero
1223 4211 1401 4292 cogitandi

279 4315 315 4368 et
333 4303 492 4370 volendi:
517 4327 595 4372 nam
615 4309 775 4391 quicquid
793 4308 900 4372 homo
918 4306 1055 4387 cogitat
1072 4315 1109 4370 et
1132 4304 1218 4380 vult,
1238 4325 1276 4370 se
1298 4307 1402 4376 relert

278 4397 335 4462 vel
351 4399 396 4462 ad
413 4399 538 4464 malum
553 4412 590 4466 et
606 4403 685 4467 inde
697 4402 832 4476 salsum,
844 4400 900 4466 vel
916 4400 961 4466 ad
977 4400 1106 4464 bonum
1119 4410 1155 4466 et
1170 4401 1251 4466 lude
1263 4423 1400 4481 verum;

278 4493 422 4574 proinde
438 4514 514 4558 cum
532 4497 567 4559 in
583 4497 642 4561 illo
657 4497 858 4582 aequilibrio
873 4505 939 4571 est,
956 4496 991 4560 in
1009 4494 1117 4558 libero
1132 4505 1186 4560 est
1202 4496 1258 4560 vel
1274 4497 1400 4562 admit-

278 4588 376 4652 tendi
395 4598 454 4652 aut
472 4591 658 4673 recipiendi
677 4591 805 4657 malum
823 4602 860 4658 et
876 4591 959 4656 inde
975 4589 1098 4664 falsum
1117 4611 1163 4654 ex
1182 4590 1325 4668 inferno,
1345 4593 1401 4656 vel
