<?xml version="1.0" encoding="UTF-8"?>
<!DOCTYPE html PUBLIC "-//W3C//DTD XHTML 1.0 Transitional//EN"
    "http://www.w3.org/TR/xhtml1/DTD/xhtml1-transitional.dtd">
<html xmlns="http://www.w3.org/1999/xhtml" xml:lang="en" lang="en">
 <head>
  <title>
</title>
<meta http-equiv="Content-Type" content="text/html;charset=utf-8" />
  <meta name='ocr-system' content='tesseract 3.04.00' />
  <meta name='ocr-capabilities' content='ocr_page ocr_carea ocr_par ocr_line ocrx_word'/>
</head>
<body>
  <div class='ocr_page' id='page_1' title='image "./decaeloetejusmi00swedgoog_0234.png"; bbox 0 0 3408 5358; ppageno 0'>
   <div class='ocr_carea' id='block_1_1' title="bbox 459 636 1417 712">
    <p class='ocr_par' dir='ltr' id='par_1_1' title="bbox 459 636 1417 712">
     <span class='ocr_line' id='line_1_1' title="bbox 459 636 1417 712; baseline 0.005 -24"><span class='ocrx_word' id='word_1_1' title='bbox 459 638 510 688; x_wconf 83' lang='lat' dir='ltr'>DE</span> <span class='ocrx_word' id='word_1_2' title='bbox 533 637 724 690; x_wconf 83' lang='lat' dir='ltr'>DlVlTlBUS</span> <span class='ocrx_word' id='word_1_3' title='bbox 746 636 794 688; x_wconf 84' lang='lat' dir='ltr'>ET</span> <span class='ocrx_word' id='word_1_4' title='bbox 816 636 1048 690; x_wconf 79' lang='lat' dir='ltr'>PAUPERIBUS</span> <span class='ocrx_word' id='word_1_5' title='bbox 1071 637 1112 688; x_wconf 88' lang='lat' dir='ltr'>IN</span> <span class='ocrx_word' id='word_1_6' title='bbox 1135 637 1270 688; x_wconf 81' lang='lat' dir='ltr'>CAELO.</span> <span class='ocrx_word' id='word_1_7' title='bbox 1356 645 1417 712; x_wconf 85' lang='lat'>227</span> 
     </span>
    </p>
   </div>
   <div class='ocr_carea' id='block_1_2' title="bbox 297 805 1419 1274">
    <p class='ocr_par' dir='ltr' id='par_1_2' title="bbox 297 805 1419 1274">
     <span class='ocr_line' id='line_1_2' title="bbox 300 805 1419 893; baseline -0.002 -19"><span class='ocrx_word' id='word_1_8' title='bbox 300 811 350 874; x_wconf 93' lang='lat' dir='ltr'>illi</span> <span class='ocrx_word' id='word_1_9' title='bbox 365 810 485 893; x_wconf 91' lang='lat' dir='ltr'>quibus</span> <span class='ocrx_word' id='word_1_10' title='bbox 504 807 666 872; x_wconf 87' lang='lat' dir='ltr'>deliciunt</span> <span class='ocrx_word' id='word_1_11' title='bbox 685 808 901 890; x_wconf 83' lang='lat' dir='ltr'>cognitiones</span> <span class='ocrx_word' id='word_1_12' title='bbox 919 807 1010 882; x_wconf 89' lang='lat' dir='ltr'>illae,</span> <span class='ocrx_word' id='word_1_13' title='bbox 1030 816 1066 872; x_wconf 89' lang='lat' dir='ltr'>et</span> <span class='ocrx_word' id='word_1_14' title='bbox 1087 805 1172 891; x_wconf 88' lang='lat' dir='ltr'>[qui]</span> <span class='ocrx_word' id='word_1_15' title='bbox 1194 818 1310 872; x_wconf 88' lang='lat' dir='ltr'>tamen</span> <span class='ocrx_word' id='word_1_16' title='bbox 1330 808 1419 874; x_wconf 89' lang='lat' dir='ltr'>desi·</span> 
     </span>
     <span class='ocr_line' id='line_1_3' title="bbox 301 903 1418 986; baseline -0.003 -16"><span class='ocrx_word' id='word_1_17' title='bbox 301 907 424 970; x_wconf 81' lang='lat' dir='ltr'>derant</span> <span class='ocrx_word' id='word_1_18' title='bbox 440 904 530 980; x_wconf 87' lang='lat' dir='ltr'>illas,</span> <span class='ocrx_word' id='word_1_19' title='bbox 546 905 596 967; x_wconf 92' lang='lat' dir='ltr'>ita</span> <span class='ocrx_word' id='word_1_20' title='bbox 613 905 669 986; x_wconf 92' lang='lat' dir='ltr'>qui</span> <span class='ocrx_word' id='word_1_21' title='bbox 685 913 787 966; x_wconf 86' lang='lat' dir='ltr'>extra</span> <span class='ocrx_word' id='word_1_22' title='bbox 803 903 983 968; x_wconf 87' lang='lat' dir='ltr'>ecclesiam</span> <span class='ocrx_word' id='word_1_23' title='bbox 1000 913 1079 966; x_wconf 89' lang='lat' dir='ltr'>sunt</span> <span class='ocrx_word' id='word_1_24' title='bbox 1097 904 1153 966; x_wconf 93' lang='lat' dir='ltr'>ubi</span> <span class='ocrx_word' id='word_1_25' title='bbox 1169 923 1237 968; x_wconf 89' lang='lat' dir='ltr'>non</span> <span class='ocrx_word' id='word_1_26' title='bbox 1254 903 1418 968; x_wconf 79' lang='lat' dir='ltr'>Verbum.</span> 
     </span>
     <span class='ocr_line' id='line_1_4' title="bbox 301 998 1418 1082; baseline 0 -18"><span class='ocrx_word' id='word_1_27' title='bbox 301 1001 365 1065; x_wconf 87' lang='lat' dir='ltr'>Per</span> <span class='ocrx_word' id='word_1_28' title='bbox 389 998 585 1064; x_wconf 83' lang='lat' dir='ltr'>“divitem&#39;&#39;</span> <span class='ocrx_word' id='word_1_29' title='bbox 607 1000 663 1082; x_wconf 91' lang='lat' dir='ltr'>qui</span> <span class='ocrx_word' id='word_1_30' title='bbox 685 999 889 1064; x_wconf 88' lang='lat' dir='ltr'>induebatur</span> <span class='ocrx_word' id='word_1_31' title='bbox 915 1019 1062 1080; x_wconf 83' lang='lat' dir='ltr'>purpura</span> <span class='ocrx_word' id='word_1_32' title='bbox 1085 1007 1121 1062; x_wconf 89' lang='lat' dir='ltr'>et</span> <span class='ocrx_word' id='word_1_33' title='bbox 1143 998 1259 1080; x_wconf 89' lang='lat' dir='ltr'>bysso,</span> <span class='ocrx_word' id='word_1_34' title='bbox 1279 1010 1316 1064; x_wconf 90' lang='lat' dir='ltr'>et</span> <span class='ocrx_word' id='word_1_35' title='bbox 1340 1019 1418 1080; x_wconf 89' lang='lat' dir='ltr'>pro·</span> 
     </span>
     <span class='ocr_line' id='line_1_5' title="bbox 297 1093 1418 1178; baseline -0.002 -18"><span class='ocrx_word' id='word_1_36' title='bbox 297 1093 407 1178; x_wconf 72' lang='lat' dir='ltr'>jedius</span> <span class='ocrx_word' id='word_1_37' title='bbox 437 1105 491 1160; x_wconf 88' lang='lat' dir='ltr'>est</span> <span class='ocrx_word' id='word_1_38' title='bbox 519 1097 552 1158; x_wconf 91' lang='lat' dir='ltr'>in</span> <span class='ocrx_word' id='word_1_39' title='bbox 581 1093 759 1170; x_wconf 81' lang='lat' dir='ltr'>infernum,</span> <span class='ocrx_word' id='word_1_40' title='bbox 784 1093 991 1175; x_wconf 86' lang='lat' dir='ltr'>intelligitur</span> <span class='ocrx_word' id='word_1_41' title='bbox 1019 1113 1106 1176; x_wconf 88' lang='lat' dir='ltr'>gens</span> <span class='ocrx_word' id='word_1_42' title='bbox 1134 1093 1299 1174; x_wconf 90' lang='lat' dir='ltr'>Judaica;</span> <span class='ocrx_word' id='word_1_43' title='bbox 1332 1114 1418 1176; x_wconf 88' lang='lat' dir='ltr'>quae</span> 
     </span>
     <span class='ocr_line' id='line_1_6' title="bbox 300 1188 1417 1274; baseline -0.001 -19"><span class='ocrx_word' id='word_1_44' title='bbox 300 1193 378 1274; x_wconf 89' lang='lat' dir='ltr'>quia</span> <span class='ocrx_word' id='word_1_45' title='bbox 409 1190 561 1254; x_wconf 85' lang='lat' dir='ltr'>babebat</span> <span class='ocrx_word' id='word_1_46' title='bbox 583 1189 748 1265; x_wconf 85' lang='lat' dir='ltr'>Verbum,</span> <span class='ocrx_word' id='word_1_47' title='bbox 773 1199 810 1254; x_wconf 93' lang='lat' dir='ltr'>et</span> <span class='ocrx_word' id='word_1_48' title='bbox 833 1189 914 1252; x_wconf 92' lang='lat' dir='ltr'>inde</span> <span class='ocrx_word' id='word_1_49' title='bbox 941 1188 1139 1254; x_wconf 84' lang='lat' dir='ltr'>abundabat</span> <span class='ocrx_word' id='word_1_50' title='bbox 1163 1191 1417 1272; x_wconf 85' lang='lat' dir='ltr'>cognitionibus</span> 
     </span>
    </p>
   </div>
   <div class='ocr_carea' id='block_1_3' title="bbox 298 1285 1418 2412">
    <p class='ocr_par' dir='ltr' id='par_1_3' title="bbox 298 1285 1418 2412">
     <span class='ocr_line' id='line_1_7' title="bbox 300 1285 1417 1368; baseline 0 -18"><span class='ocrx_word' id='word_1_51' title='bbox 300 1287 381 1350; x_wconf 90' lang='lat' dir='ltr'>boni</span> <span class='ocrx_word' id='word_1_52' title='bbox 413 1295 449 1348; x_wconf 90' lang='lat' dir='ltr'>et</span> <span class='ocrx_word' id='word_1_53' title='bbox 482 1285 563 1360; x_wconf 90' lang='lat' dir='ltr'>veri,</span> <span class='ocrx_word' id='word_1_54' title='bbox 587 1285 684 1348; x_wconf 88' lang='lat' dir='ltr'>dives</span> <span class='ocrx_word' id='word_1_55' title='bbox 712 1294 875 1348; x_wconf 87' lang='lat' dir='ltr'>vocatur:</span> <span class='ocrx_word' id='word_1_56' title='bbox 914 1304 973 1368; x_wconf 92' lang='lat' dir='ltr'>per</span> <span class='ocrx_word' id='word_1_57' title='bbox 996 1289 1141 1348; x_wconf 86' lang='lat' dir='ltr'>“vestes</span> <span class='ocrx_word' id='word_1_58' title='bbox 1171 1306 1215 1348; x_wconf 85' lang='lat' dir='ltr'>ex</span> <span class='ocrx_word' id='word_1_59' title='bbox 1247 1304 1393 1368; x_wconf 89' lang='lat' dir='ltr'>purpura</span> <span class='ocrx_word' id='word_1_60' title='bbox 1404 1285 1417 1312; x_wconf 88' lang='lat'>’¹</span> 
     </span>
     <span class='ocr_line' id='line_1_8' title="bbox 300 1379 1417 1464; baseline -0.002 -18"><span class='ocrx_word' id='word_1_61' title='bbox 300 1383 406 1446; x_wconf 88' lang='lat' dir='ltr'>etiam</span> <span class='ocrx_word' id='word_1_62' title='bbox 436 1379 673 1464; x_wconf 88' lang='lat' dir='ltr'>significantur</span> <span class='ocrx_word' id='word_1_63' title='bbox 702 1380 921 1462; x_wconf 83' lang='lat' dir='ltr'>cognitiones</span> <span class='ocrx_word' id='word_1_64' title='bbox 948 1380 1040 1455; x_wconf 89' lang='lat' dir='ltr'>boni,</span> <span class='ocrx_word' id='word_1_65' title='bbox 1065 1390 1100 1444; x_wconf 90' lang='lat' dir='ltr'>et</span> <span class='ocrx_word' id='word_1_66' title='bbox 1124 1401 1185 1463; x_wconf 91' lang='lat' dir='ltr'>per</span> <span class='ocrx_word' id='word_1_67' title='bbox 1209 1387 1353 1446; x_wconf 89' lang='lat' dir='ltr'>“vestes</span> <span class='ocrx_word' id='word_1_68' title='bbox 1372 1403 1417 1446; x_wconf 86' lang='lat' dir='ltr'>ex</span> 
     </span>
     <span class='ocr_line' id='line_1_9' title="bbox 299 1472 1418 1560; baseline 0.001 -19"><span class='ocrx_word' id='word_1_69' title='bbox 299 1475 431 1558; x_wconf 88' lang='lat' dir='ltr'>bysso”</span> <span class='ocrx_word' id='word_1_70' title='bbox 457 1476 675 1557; x_wconf 81' lang='lat' dir='ltr'>cognitiones</span> <span class='ocrx_word' id='word_1_71' title='bbox 705 1472 826 1538; x_wconf 76' lang='lat' dir='ltr'>veri2l¹l</span> <span class='ocrx_word' id='word_1_72' title='bbox 861 1495 921 1556; x_wconf 91' lang='lat' dir='ltr'>per</span> <span class='ocrx_word' id='word_1_73' title='bbox 949 1475 1189 1558; x_wconf 82' lang='lat' dir='ltr'>“pauperem&#39;&#39;</span> <span class='ocrx_word' id='word_1_74' title='bbox 1212 1487 1328 1542; x_wconf 85' lang='lat' dir='ltr'>autem</span> <span class='ocrx_word' id='word_1_75' title='bbox 1362 1479 1418 1560; x_wconf 92' lang='lat' dir='ltr'>qui</span> 
     </span>
     <span class='ocr_line' id='line_1_10' title="bbox 300 1568 1418 1653; baseline 0.002 -17"><span class='ocrx_word' id='word_1_76' title='bbox 300 1568 470 1653; x_wconf 70' lang='lat' dir='ltr'>projectus</span> <span class='ocrx_word' id='word_1_77' title='bbox 489 1581 563 1634; x_wconf 90' lang='lat' dir='ltr'>erat</span> <span class='ocrx_word' id='word_1_78' title='bbox 582 1571 626 1633; x_wconf 91' lang='lat' dir='ltr'>ad</span> <span class='ocrx_word' id='word_1_79' title='bbox 645 1570 854 1634; x_wconf 87' lang='lat' dir='ltr'>vestibulum</span> <span class='ocrx_word' id='word_1_80' title='bbox 873 1569 953 1652; x_wconf 86' lang='lat' dir='ltr'>ejus,</span> <span class='ocrx_word' id='word_1_81' title='bbox 971 1581 1008 1632; x_wconf 91' lang='lat' dir='ltr'>et</span> <span class='ocrx_word' id='word_1_82' title='bbox 1027 1571 1245 1636; x_wconf 83' lang='lat' dir='ltr'>desiderabat</span> <span class='ocrx_word' id='word_1_83' title='bbox 1264 1583 1418 1638; x_wconf 85' lang='lat' dir='ltr'>saturare</span> 
     </span>
     <span class='ocr_line' id='line_1_11' title="bbox 300 1665 1417 1748; baseline 0.002 -18"><span class='ocrx_word' id='word_1_84' title='bbox 300 1667 396 1730; x_wconf 88' lang='lat' dir='ltr'>micis</span> <span class='ocrx_word' id='word_1_85' title='bbox 415 1685 501 1748; x_wconf 90' lang='lat' dir='ltr'>quae</span> <span class='ocrx_word' id='word_1_86' title='bbox 521 1665 693 1728; x_wconf 82' lang='lat' dir='ltr'>cadebant</span> <span class='ocrx_word' id='word_1_87' title='bbox 712 1686 757 1729; x_wconf 89' lang='lat' dir='ltr'>ex</span> <span class='ocrx_word' id='word_1_88' title='bbox 777 1683 897 1728; x_wconf 86' lang='lat' dir='ltr'>mensa</span> <span class='ocrx_word' id='word_1_89' title='bbox 915 1665 1042 1740; x_wconf 92' lang='lat' dir='ltr'>divitis,</span> <span class='ocrx_word' id='word_1_90' title='bbox 1063 1675 1099 1729; x_wconf 90' lang='lat' dir='ltr'>et</span> <span class='ocrx_word' id='word_1_91' title='bbox 1118 1675 1275 1748; x_wconf 88' lang='lat' dir='ltr'>portatus</span> <span class='ocrx_word' id='word_1_92' title='bbox 1294 1669 1338 1730; x_wconf 88' lang='lat' dir='ltr'>ab</span> <span class='ocrx_word' id='word_1_93' title='bbox 1356 1686 1417 1732; x_wconf 89' lang='lat' dir='ltr'>an-</span> 
     </span>
     <span class='ocr_line' id='line_1_12' title="bbox 299 1759 1418 1844; baseline 0.004 -20"><span class='ocrx_word' id='word_1_94' title='bbox 299 1761 386 1844; x_wconf 89' lang='lat' dir='ltr'>gelis</span> <span class='ocrx_word' id='word_1_95' title='bbox 409 1762 442 1824; x_wconf 91' lang='lat' dir='ltr'>in</span> <span class='ocrx_word' id='word_1_96' title='bbox 466 1761 610 1834; x_wconf 88' lang='lat' dir='ltr'>caelum,</span> <span class='ocrx_word' id='word_1_97' title='bbox 634 1759 875 1841; x_wconf 89' lang='lat' dir='ltr'>intelliguntur</span> <span class='ocrx_word' id='word_1_98' title='bbox 897 1771 1032 1842; x_wconf 89' lang='lat' dir='ltr'>gentes,</span> <span class='ocrx_word' id='word_1_99' title='bbox 1057 1781 1144 1842; x_wconf 89' lang='lat' dir='ltr'>quae</span> <span class='ocrx_word' id='word_1_100' title='bbox 1173 1781 1242 1824; x_wconf 91' lang='lat' dir='ltr'>non</span> <span class='ocrx_word' id='word_1_101' title='bbox 1265 1761 1418 1830; x_wconf 88' lang='lat' dir='ltr'>habeant</span> 
     </span>
     <span class='ocr_line' id='line_1_13' title="bbox 299 1855 1417 1940; baseline 0.004 -21"><span class='ocrx_word' id='word_1_102' title='bbox 299 1855 518 1936; x_wconf 81' lang='lat' dir='ltr'>cognitiones</span> <span class='ocrx_word' id='word_1_103' title='bbox 536 1855 617 1918; x_wconf 93' lang='lat' dir='ltr'>boni</span> <span class='ocrx_word' id='word_1_104' title='bbox 633 1865 669 1920; x_wconf 91' lang='lat' dir='ltr'>et</span> <span class='ocrx_word' id='word_1_105' title='bbox 685 1856 767 1930; x_wconf 84' lang='lat' dir='ltr'>veri,</span> <span class='ocrx_word' id='word_1_106' title='bbox 784 1864 819 1918; x_wconf 90' lang='lat' dir='ltr'>et</span> <span class='ocrx_word' id='word_1_107' title='bbox 837 1865 954 1918; x_wconf 88' lang='lat' dir='ltr'>tamen</span> <span class='ocrx_word' id='word_1_108' title='bbox 971 1855 1215 1920; x_wconf 88' lang='lat' dir='ltr'>desiderabant</span> <span class='ocrx_word' id='word_1_109' title='bbox 1232 1856 1307 1920; x_wconf 88' lang='lat' dir='ltr'>illas</span> <span class='ocrx_word' id='word_1_110' title='bbox 1327 1857 1417 1940; x_wconf 86' lang='lat' dir='ltr'>(Luc.</span> 
     </span>
     <span class='ocr_line' id='line_1_14' title="bbox 300 1948 1417 2036; baseline 0.003 -23"><span class='ocrx_word' id='word_1_111' title='bbox 300 1949 547 2033; x_wconf 71' lang='lat' dir='ltr'>xvi.1¹¹19-31).</span> <span class='ocrx_word' id='word_1_112' title='bbox 594 1950 657 2013; x_wconf 88' lang='lat' dir='ltr'>Per</span> <span class='ocrx_word' id='word_1_113' title='bbox 682 1948 860 2013; x_wconf 87' lang='lat' dir='ltr'>“divites”</span> <span class='ocrx_word' id='word_1_114' title='bbox 882 1953 939 2032; x_wconf 91' lang='lat' dir='ltr'>qui</span> <span class='ocrx_word' id='word_1_115' title='bbox 962 1953 1077 2014; x_wconf 90' lang='lat' dir='ltr'>vocati</span> <span class='ocrx_word' id='word_1_116' title='bbox 1104 1951 1147 2014; x_wconf 90' lang='lat' dir='ltr'>ad</span> <span class='ocrx_word' id='word_1_117' title='bbox 1175 1971 1296 2016; x_wconf 91' lang='lat' dir='ltr'>cenam</span> <span class='ocrx_word' id='word_1_118' title='bbox 1320 1972 1417 2036; x_wconf 86' lang='lat' dir='ltr'>mag-</span> 
     </span>
     <span class='ocr_line' id='line_1_15' title="bbox 299 2045 1417 2128; baseline 0.003 -20"><span class='ocrx_word' id='word_1_119' title='bbox 299 2065 389 2121; x_wconf 90' lang='lat' dir='ltr'>nam,</span> <span class='ocrx_word' id='word_1_120' title='bbox 410 2055 445 2109; x_wconf 91' lang='lat' dir='ltr'>et</span> <span class='ocrx_word' id='word_1_121' title='bbox 465 2067 501 2108; x_wconf 88' lang='lat' dir='ltr'>se</span> <span class='ocrx_word' id='word_1_122' title='bbox 520 2055 783 2119; x_wconf 89' lang='lat' dir='ltr'>excusaverunt,</span> <span class='ocrx_word' id='word_1_123' title='bbox 801 2045 1007 2128; x_wconf 83' lang='lat' dir='ltr'>intelligitur</span> <span class='ocrx_word' id='word_1_124' title='bbox 1025 2048 1130 2109; x_wconf 87' lang='lat' dir='ltr'>etiam</span> <span class='ocrx_word' id='word_1_125' title='bbox 1148 2066 1236 2128; x_wconf 90' lang='lat' dir='ltr'>gens</span> <span class='ocrx_word' id='word_1_126' title='bbox 1253 2047 1417 2128; x_wconf 89' lang='lat' dir='ltr'>Judaica;</span> 
     </span>
     <span class='ocr_line' id='line_1_16' title="bbox 298 2137 1418 2224; baseline 0.001 -19"><span class='ocrx_word' id='word_1_127' title='bbox 298 2150 335 2206; x_wconf 81' lang='lat' dir='ltr'>nt</span> <span class='ocrx_word' id='word_1_128' title='bbox 359 2161 418 2222; x_wconf 88' lang='lat' dir='ltr'>per</span> <span class='ocrx_word' id='word_1_129' title='bbox 439 2138 659 2222; x_wconf 84' lang='lat' dir='ltr'>&#39;‘pauperes&#39;&#39;</span> <span class='ocrx_word' id='word_1_130' title='bbox 678 2140 755 2204; x_wconf 93' lang='lat' dir='ltr'>loco</span> <span class='ocrx_word' id='word_1_131' title='bbox 778 2139 913 2203; x_wconf 91' lang='lat' dir='ltr'>illorum</span> <span class='ocrx_word' id='word_1_132' title='bbox 940 2137 1155 2204; x_wconf 68' lang='lat' dir='ltr'>introductos</span> <span class='ocrx_word' id='word_1_133' title='bbox 1177 2142 1418 2224; x_wconf 87' lang='lat' dir='ltr'>intelliguntur</span> 
     </span>
     <span class='ocr_line' id='line_1_17' title="bbox 299 2233 1417 2319; baseline 0.002 -21"><span class='ocrx_word' id='word_1_134' title='bbox 299 2245 424 2318; x_wconf 86' lang='lat' dir='ltr'>gentes</span> <span class='ocrx_word' id='word_1_135' title='bbox 442 2254 529 2317; x_wconf 89' lang='lat' dir='ltr'>quae</span> <span class='ocrx_word' id='word_1_136' title='bbox 548 2245 649 2297; x_wconf 89' lang='lat' dir='ltr'>extra</span> <span class='ocrx_word' id='word_1_137' title='bbox 668 2235 850 2298; x_wconf 90' lang='lat' dir='ltr'>ecclesiam</span> <span class='ocrx_word' id='word_1_138' title='bbox 872 2233 961 2317; x_wconf 85' lang='lat' dir='ltr'>(Luc.</span> <span class='ocrx_word' id='word_1_139' title='bbox 980 2237 1076 2297; x_wconf 88' lang='lat' dir='ltr'>xxiv.</span> <span class='ocrx_word' id='word_1_140' title='bbox 1097 2235 1223 2319; x_wconf 86' lang='lat'>16-24).</span> <span class='ocrx_word' id='word_1_141' title='bbox 1268 2235 1417 2318; x_wconf 82' lang='lat' dir='ltr'>Quinam</span> 
     </span>
     <span class='ocr_line' id='line_1_18' title="bbox 299 2327 1247 2412; baseline 0.002 -20"><span class='ocrx_word' id='word_1_142' title='bbox 299 2329 539 2410; x_wconf 89' lang='lat' dir='ltr'>intelliguntur</span> <span class='ocrx_word' id='word_1_143' title='bbox 557 2348 618 2410; x_wconf 89' lang='lat' dir='ltr'>per</span> <span class='ocrx_word' id='word_1_144' title='bbox 637 2327 799 2405; x_wconf 89' lang='lat' dir='ltr'>Divitem,</span> <span class='ocrx_word' id='word_1_145' title='bbox 817 2330 859 2392; x_wconf 92' lang='lat' dir='ltr'>de</span> <span class='ocrx_word' id='word_1_146' title='bbox 879 2350 946 2412; x_wconf 94' lang='lat' dir='ltr'>quo</span> <span class='ocrx_word' id='word_1_147' title='bbox 965 2329 1135 2394; x_wconf 88' lang='lat' dir='ltr'>Dominus</span> <span class='ocrx_word' id='word_1_148' title='bbox 1153 2331 1247 2406; x_wconf 90' lang='lat' dir='ltr'>dicit,</span> 
     </span>
    </p>
   </div>
   <div class='ocr_carea' id='block_1_4' title="bbox 350 2461 1417 2590">
    <p class='ocr_par' dir='ltr' id='par_1_4' title="bbox 350 2461 1417 2590">
     <span class='ocr_line' id='line_1_19' title="bbox 350 2461 1417 2547; baseline 0.004 -36"><span class='ocrx_word' id='word_1_149' title='bbox 350 2462 486 2512; x_wconf 78' lang='lat' dir='ltr'>“Facilius</span> <span class='ocrx_word' id='word_1_150' title='bbox 498 2471 540 2510; x_wconf 89' lang='lat' dir='ltr'>est</span> <span class='ocrx_word' id='word_1_151' title='bbox 552 2463 684 2512; x_wconf 88' lang='lat' dir='ltr'>camelum</span> <span class='ocrx_word' id='word_1_152' title='bbox 697 2477 745 2547; x_wconf 90' lang='lat' dir='ltr'>per</span> <span class='ocrx_word' id='word_1_153' title='bbox 757 2461 880 2512; x_wconf 79' lang='lat' dir='ltr'>foramen</span> <span class='ocrx_word' id='word_1_154' title='bbox 892 2477 957 2512; x_wconf 84' lang='lat' dir='ltr'>acus</span> <span class='ocrx_word' id='word_1_155' title='bbox 969 2463 1093 2524; x_wconf 87' lang='lat' dir='ltr'>transire,</span> <span class='ocrx_word' id='word_1_156' title='bbox 1104 2478 1183 2528; x_wconf 88' lang='lat' dir='ltr'>quam</span> <span class='ocrx_word' id='word_1_157' title='bbox 1193 2465 1305 2514; x_wconf 86' lang='lat' dir='ltr'>divitem</span> <span class='ocrx_word' id='word_1_158' title='bbox 1318 2465 1345 2514; x_wconf 93' lang='lat' dir='ltr'>in</span> <span class='ocrx_word' id='word_1_159' title='bbox 1359 2479 1417 2529; x_wconf 81' lang='lat' dir='ltr'>reg-</span> 
     </span>
     <span class='ocr_line' id='line_1_20' title="bbox 430 2525 967 2590; baseline 0 -14"><span class='ocrx_word' id='word_1_160' title='bbox 430 2543 493 2576; x_wconf 89' lang='lat' dir='ltr'>num</span> <span class='ocrx_word' id='word_1_161' title='bbox 509 2527 558 2576; x_wconf 88' lang='lat' dir='ltr'>Dei</span> <span class='ocrx_word' id='word_1_162' title='bbox 572 2525 698 2577; x_wconf 87' lang='lat' dir='ltr'>introire&#39;</span> <span class='ocrx_word' id='word_1_163' title='bbox 721 2527 829 2589; x_wconf 73' lang='lat' dir='ltr'>(March.</span> <span class='ocrx_word' id='word_1_164' title='bbox 842 2529 895 2578; x_wconf 81' lang='lat' dir='ltr'>xix.</span> <span class='ocrx_word' id='word_1_165' title='bbox 908 2528 967 2590; x_wconf 85' lang='lat'><strong>24);</strong></span> 
     </span>
    </p>
   </div>
   <div class='ocr_carea' id='block_1_5' title="bbox 299 2661 1417 3694">
    <p class='ocr_par' dir='ltr' id='par_1_5' title="bbox 299 2661 1417 3694">
     <span class='ocr_line' id='line_1_21' title="bbox 299 2661 1416 2744; baseline 0.002 -18"><span class='ocrx_word' id='word_1_166' title='bbox 299 2664 404 2726; x_wconf 90' lang='lat' dir='ltr'>etiam</span> <span class='ocrx_word' id='word_1_167' title='bbox 428 2663 579 2726; x_wconf 88' lang='lat' dir='ltr'>dicetur:</span> <span class='ocrx_word' id='word_1_168' title='bbox 611 2681 670 2743; x_wconf 89' lang='lat' dir='ltr'>per</span> <span class='ocrx_word' id='word_1_169' title='bbox 691 2661 885 2725; x_wconf 87' lang='lat' dir='ltr'>“divitem&#39;&#39;</span> <span class='ocrx_word' id='word_1_170' title='bbox 904 2662 949 2725; x_wconf 97' lang='lat' dir='ltr'>ibi</span> <span class='ocrx_word' id='word_1_171' title='bbox 972 2661 1213 2744; x_wconf 89' lang='lat' dir='ltr'>intelliguntur</span> <span class='ocrx_word' id='word_1_172' title='bbox 1235 2663 1360 2728; x_wconf 90' lang='lat' dir='ltr'>divites</span> <span class='ocrx_word' id='word_1_173' title='bbox 1383 2665 1416 2728; x_wconf 87' lang='lat' dir='ltr'>in</span> 
     </span>
     <span class='ocr_line' id='line_1_22' title="bbox 299 2757 1416 2841; baseline 0.001 -19"><span class='ocrx_word' id='word_1_174' title='bbox 299 2769 445 2841; x_wconf 90' lang='lat' dir='ltr'>utroque</span> <span class='ocrx_word' id='word_1_175' title='bbox 475 2778 576 2821; x_wconf 91' lang='lat' dir='ltr'>sensu</span> <span class='ocrx_word' id='word_1_176' title='bbox 606 2767 676 2821; x_wconf 91' lang='lat' dir='ltr'>tam</span> <span class='ocrx_word' id='word_1_177' title='bbox 706 2757 853 2820; x_wconf 92' lang='lat' dir='ltr'>naturali</span> <span class='ocrx_word' id='word_1_178' title='bbox 881 2777 982 2840; x_wconf 91' lang='lat' dir='ltr'>quam</span> <span class='ocrx_word' id='word_1_179' title='bbox 1013 2758 1202 2840; x_wconf 90' lang='lat' dir='ltr'>spirituali;</span> <span class='ocrx_word' id='word_1_180' title='bbox 1235 2761 1360 2823; x_wconf 87' lang='lat' dir='ltr'>divites</span> <span class='ocrx_word' id='word_1_181' title='bbox 1383 2761 1416 2823; x_wconf 93' lang='lat' dir='ltr'>in</span> 
     </span>
     <span class='ocr_line' id='line_1_23' title="bbox 300 2852 1416 2934; baseline 0.003 -20"><span class='ocrx_word' id='word_1_182' title='bbox 300 2873 402 2916; x_wconf 90' lang='lat' dir='ltr'>sensu</span> <span class='ocrx_word' id='word_1_183' title='bbox 432 2853 588 2926; x_wconf 90' lang='lat' dir='ltr'>naturali,</span> <span class='ocrx_word' id='word_1_184' title='bbox 619 2853 675 2934; x_wconf 92' lang='lat' dir='ltr'>qui</span> <span class='ocrx_word' id='word_1_185' title='bbox 705 2852 883 2916; x_wconf 90' lang='lat' dir='ltr'>abundant</span> <span class='ocrx_word' id='word_1_186' title='bbox 915 2852 1046 2934; x_wconf 90' lang='lat' dir='ltr'>opibus,</span> <span class='ocrx_word' id='word_1_187' title='bbox 1066 2862 1103 2918; x_wconf 88' lang='lat' dir='ltr'>et</span> <span class='ocrx_word' id='word_1_188' title='bbox 1130 2862 1261 2934; x_wconf 90' lang='lat' dir='ltr'>ponunt</span> <span class='ocrx_word' id='word_1_189' title='bbox 1291 2873 1351 2917; x_wconf 94' lang='lat' dir='ltr'>cor</span> <span class='ocrx_word' id='word_1_190' title='bbox 1382 2856 1416 2917; x_wconf 93' lang='lat' dir='ltr'>in</span> 
     </span>
     <span class='ocr_line' id='line_1_24' title="bbox 299 2937 1417 3030; baseline 0.004 -20"><span class='ocrx_word' id='word_1_191' title='bbox 299 2948 365 3010; x_wconf 94' lang='lat' dir='ltr'>illis</span> <span class='ocrx_word' id='word_1_192' title='bbox 379 2969 386 3025; x_wconf 89' lang='lat'>;</span> <span class='ocrx_word' id='word_1_193' title='bbox 410 2949 444 3010; x_wconf 94' lang='lat' dir='ltr'>in</span> <span class='ocrx_word' id='word_1_194' title='bbox 461 2946 627 3029; x_wconf 88' lang='lat' dir='ltr'>spirituali</span> <span class='ocrx_word' id='word_1_195' title='bbox 644 2957 760 3010; x_wconf 89' lang='lat' dir='ltr'>autem</span> <span class='ocrx_word' id='word_1_196' title='bbox 777 2967 878 3010; x_wconf 89' lang='lat' dir='ltr'>sensu</span> <span class='ocrx_word' id='word_1_197' title='bbox 895 2949 951 3030; x_wconf 92' lang='lat' dir='ltr'>qui</span> <span class='ocrx_word' id='word_1_198' title='bbox 967 2937 1145 3011; x_wconf 86' lang='lat' dir='ltr'>abundant</span> <span class='ocrx_word' id='word_1_199' title='bbox 1161 2950 1417 3029; x_wconf 89' lang='lat' dir='ltr'>cognitionibus</span> 
     </span>
     <span class='ocr_line' id='line_1_25' title="bbox 299 3041 1416 3125; baseline 0.001 -19"><span class='ocrx_word' id='word_1_200' title='bbox 299 3051 334 3106; x_wconf 88' lang='lat' dir='ltr'>et</span> <span class='ocrx_word' id='word_1_201' title='bbox 351 3043 511 3115; x_wconf 83' lang='lat' dir='ltr'>scientiis,</span> <span class='ocrx_word' id='word_1_202' title='bbox 532 3059 611 3104; x_wconf 92' lang='lat' dir='ltr'>nam</span> <span class='ocrx_word' id='word_1_203' title='bbox 631 3041 695 3105; x_wconf 90' lang='lat' dir='ltr'>hae</span> <span class='ocrx_word' id='word_1_204' title='bbox 714 3052 794 3105; x_wconf 90' lang='lat' dir='ltr'>sunt</span> <span class='ocrx_word' id='word_1_205' title='bbox 817 3043 958 3105; x_wconf 91' lang='lat' dir='ltr'>divitiae</span> <span class='ocrx_word' id='word_1_206' title='bbox 982 3041 1185 3124; x_wconf 87' lang='lat' dir='ltr'>spirituales,</span> <span class='ocrx_word' id='word_1_207' title='bbox 1206 3052 1241 3106; x_wconf 88' lang='lat' dir='ltr'>et</span> <span class='ocrx_word' id='word_1_208' title='bbox 1261 3063 1322 3125; x_wconf 91' lang='lat' dir='ltr'>per</span> <span class='ocrx_word' id='word_1_209' title='bbox 1339 3045 1416 3108; x_wconf 92' lang='lat' dir='ltr'>illas</span> 
     </span>
     <span class='ocr_line' id='line_1_26' title="bbox 300 3136 1416 3222; baseline 0.003 -22"><span class='ocrx_word' id='word_1_210' title='bbox 300 3157 337 3200; x_wconf 89' lang='lat' dir='ltr'>se</span> <span class='ocrx_word' id='word_1_211' title='bbox 355 3159 399 3201; x_wconf 89' lang='lat' dir='ltr'>ex</span> <span class='ocrx_word' id='word_1_212' title='bbox 420 3138 556 3220; x_wconf 91' lang='lat' dir='ltr'>propria</span> <span class='ocrx_word' id='word_1_213' title='bbox 574 3136 806 3218; x_wconf 89' lang='lat' dir='ltr'>intelligentia</span> <span class='ocrx_word' id='word_1_214' title='bbox 824 3137 945 3200; x_wconf 92' lang='lat' dir='ltr'>volunt</span> <span class='ocrx_word' id='word_1_215' title='bbox 964 3138 1181 3201; x_wconf 89' lang='lat' dir='ltr'>introducere</span> <span class='ocrx_word' id='word_1_216' title='bbox 1200 3139 1233 3200; x_wconf 93' lang='lat' dir='ltr'>in</span> <span class='ocrx_word' id='word_1_217' title='bbox 1253 3139 1311 3201; x_wconf 94' lang='lat' dir='ltr'>illa</span> <span class='ocrx_word' id='word_1_218' title='bbox 1330 3159 1416 3222; x_wconf 89' lang='lat' dir='ltr'>quae</span> 
     </span>
     <span class='ocr_line' id='line_1_27' title="bbox 299 3232 1415 3314; baseline 0.002 -19"><span class='ocrx_word' id='word_1_219' title='bbox 299 3233 385 3295; x_wconf 89' lang='lat' dir='ltr'>caeli</span> <span class='ocrx_word' id='word_1_220' title='bbox 419 3241 454 3295; x_wconf 88' lang='lat' dir='ltr'>et</span> <span class='ocrx_word' id='word_1_221' title='bbox 487 3232 653 3295; x_wconf 88' lang='lat' dir='ltr'>ecclesiae</span> <span class='ocrx_word' id='word_1_222' title='bbox 683 3241 775 3306; x_wconf 89' lang='lat' dir='ltr'>sunt,</span> <span class='ocrx_word' id='word_1_223' title='bbox 800 3233 892 3313; x_wconf 93' lang='lat' dir='ltr'>quod</span> <span class='ocrx_word' id='word_1_224' title='bbox 922 3233 1002 3314; x_wconf 92' lang='lat' dir='ltr'>quia</span> <span class='ocrx_word' id='word_1_225' title='bbox 1028 3241 1082 3297; x_wconf 88' lang='lat' dir='ltr'>est</span> <span class='ocrx_word' id='word_1_226' title='bbox 1112 3243 1235 3296; x_wconf 91' lang='lat' dir='ltr'>contra</span> <span class='ocrx_word' id='word_1_227' title='bbox 1261 3235 1415 3298; x_wconf 90' lang='lat' dir='ltr'>ordinem</span> 
     </span>
     <span class='ocr_line' id='line_1_28' title="bbox 299 3327 1416 3410; baseline 0.001 -20"><span class='ocrx_word' id='word_1_228' title='bbox 299 3328 472 3401; x_wconf 90' lang='lat' dir='ltr'>Divinum,</span> <span class='ocrx_word' id='word_1_229' title='bbox 490 3327 613 3390; x_wconf 89' lang='lat' dir='ltr'>dicitur</span> <span class='ocrx_word' id='word_1_230' title='bbox 628 3328 718 3410; x_wconf 88' lang='lat' dir='ltr'>quod</span> <span class='ocrx_word' id='word_1_231' title='bbox 734 3327 864 3390; x_wconf 81' lang='lat' dir='ltr'>facilius</span> <span class='ocrx_word' id='word_1_232' title='bbox 880 3327 924 3390; x_wconf 91' lang='lat' dir='ltr'>sit</span> <span class='ocrx_word' id='word_1_233' title='bbox 941 3327 1075 3390; x_wconf 90' lang='lat' dir='ltr'>camelo</span> <span class='ocrx_word' id='word_1_234' title='bbox 1090 3347 1150 3409; x_wconf 90' lang='lat' dir='ltr'>per</span> <span class='ocrx_word' id='word_1_235' title='bbox 1165 3328 1319 3392; x_wconf 84' lang='lat' dir='ltr'>foramen</span> <span class='ocrx_word' id='word_1_236' title='bbox 1335 3349 1416 3392; x_wconf 90' lang='lat' dir='ltr'>acus</span> 
     </span>
     <span class='ocr_line' id='line_1_29' title="bbox 300 3421 1417 3505; baseline 0 -19"><span class='ocrx_word' id='word_1_237' title='bbox 300 3423 464 3500; x_wconf 89' lang='lat' dir='ltr'>transire;</span> <span class='ocrx_word' id='word_1_238' title='bbox 495 3424 528 3485; x_wconf 94' lang='lat' dir='ltr'>in</span> <span class='ocrx_word' id='word_1_239' title='bbox 552 3423 613 3484; x_wconf 94' lang='lat' dir='ltr'>illo</span> <span class='ocrx_word' id='word_1_240' title='bbox 636 3423 727 3486; x_wconf 92' lang='lat' dir='ltr'>enim</span> <span class='ocrx_word' id='word_1_241' title='bbox 750 3443 852 3485; x_wconf 88' lang='lat' dir='ltr'>sensu</span> <span class='ocrx_word' id='word_1_242' title='bbox 875 3441 937 3504; x_wconf 90' lang='lat' dir='ltr'>per</span> <span class='ocrx_word' id='word_1_243' title='bbox 961 3421 1182 3485; x_wconf 85' lang='lat' dir='ltr'>“camelum’&#39;</span> <span class='ocrx_word' id='word_1_244' title='bbox 1204 3422 1417 3505; x_wconf 89' lang='lat' dir='ltr'>significatur</span> 
     </span>
     <span class='ocr_line' id='line_1_30' title="bbox 299 3513 1415 3599; baseline 0.001 -19"><span class='ocrx_word' id='word_1_245' title='bbox 299 3517 511 3597; x_wconf 89' lang='lat' dir='ltr'>cognitivum</span> <span class='ocrx_word' id='word_1_246' title='bbox 539 3527 575 3580; x_wconf 89' lang='lat' dir='ltr'>et</span> <span class='ocrx_word' id='word_1_247' title='bbox 605 3513 826 3579; x_wconf 88' lang='lat' dir='ltr'>scientificum</span> <span class='ocrx_word' id='word_1_248' title='bbox 859 3517 893 3579; x_wconf 96' lang='lat' dir='ltr'>in</span> <span class='ocrx_word' id='word_1_249' title='bbox 920 3537 1057 3598; x_wconf 90' lang='lat' dir='ltr'>genere,</span> <span class='ocrx_word' id='word_1_250' title='bbox 1083 3527 1119 3581; x_wconf 90' lang='lat' dir='ltr'>et</span> <span class='ocrx_word' id='word_1_251' title='bbox 1150 3537 1210 3599; x_wconf 91' lang='lat' dir='ltr'>per</span> <span class='ocrx_word' id='word_1_252' title='bbox 1234 3517 1415 3582; x_wconf 86' lang='lat' dir='ltr'>“foramen</span> 
     </span>
     <span class='ocr_line' id='line_1_31' title="bbox 299 3608 1415 3694; baseline 0.001 -19"><span class='ocrx_word' id='word_1_253' title='bbox 299 3611 403 3675; x_wconf 90' lang='lat' dir='ltr'>acus”</span> <span class='ocrx_word' id='word_1_254' title='bbox 426 3631 543 3674; x_wconf 89' lang='lat' dir='ltr'>verum</span> <span class='ocrx_word' id='word_1_255' title='bbox 563 3612 738 3694; x_wconf 87' lang='lat' dir='ltr'>spirituale</span> <span class='ocrx_word' id='word_1_256' title='bbox 751 3608 795 3674; x_wconf 53' lang='lat' dir='ltr'>:lil</span> <span class='ocrx_word' id='word_1_257' title='bbox 819 3613 909 3694; x_wconf 93' lang='lat' dir='ltr'>quod</span> <span class='ocrx_word' id='word_1_258' title='bbox 930 3633 990 3694; x_wconf 86' lang='lat' dir='ltr'>per</span> <span class='ocrx_word' id='word_1_259' title='bbox 1006 3612 1203 3678; x_wconf 87' lang='lat' dir='ltr'>“camelum</span> <span class='ocrx_word' id='word_1_260' title='bbox 1212 3612 1227 3638; x_wconf 89' lang='lat'>&#39;&#39;</span> <span class='ocrx_word' id='word_1_261' title='bbox 1242 3622 1279 3677; x_wconf 87' lang='lat' dir='ltr'>et</span> <span class='ocrx_word' id='word_1_262' title='bbox 1297 3613 1415 3676; x_wconf 80' lang='lat' dir='ltr'>“lora-</span> 
     </span>
    </p>
   </div>
   <div class='ocr_carea' id='block_1_6' title="bbox 688 3817 1030 3872">
    <p class='ocr_par' dir='ltr' id='par_1_6' title="bbox 688 3817 1030 3872">
     <span class='ocr_line' id='line_1_32' title="bbox 688 3817 1030 3872; baseline 0.009 -14"><span class='ocrx_word' id='word_1_263' title='bbox 688 3817 737 3871; x_wconf 71' lang='lat' dir='ltr'>[lu</span> <span class='ocrx_word' id='word_1_264' title='bbox 749 3829 846 3860; x_wconf 76' lang='lat' dir='ltr'>nacnvrs</span> <span class='ocrx_word' id='word_1_265' title='bbox 858 3819 1030 3872; x_wconf 67' lang='lat' dir='ltr'>mummi]</span> 
     </span>
    </p>
   </div>
   <div class='ocr_carea' id='block_1_7' title="bbox 301 3919 1415 4205">
    <p class='ocr_par' dir='ltr' id='par_1_7' title="bbox 301 3919 1415 4205">
     <span class='ocr_line' id='line_1_33' title="bbox 354 3919 1415 3994; baseline 0.002 -18"><span class='ocrx_word' id='word_1_266' title='bbox 354 3921 394 3989; x_wconf 68' lang='grc' dir='ltr'>(ἡ</span> <span class='ocrx_word' id='word_1_267' title='bbox 415 3919 505 3992; x_wconf 79' lang='lat' dir='ltr'>Quod</span> <span class='ocrx_word' id='word_1_268' title='bbox 525 3919 671 3976; x_wconf 82' lang='lat' dir='ltr'>“vestes’&#39;</span> <span class='ocrx_word' id='word_1_269' title='bbox 691 3919 861 3992; x_wconf 86' lang='lat' dir='ltr'>significent</span> <span class='ocrx_word' id='word_1_270' title='bbox 881 3937 959 3982; x_wconf 85' lang='lat' dir='ltr'>vera,</span> <span class='ocrx_word' id='word_1_271' title='bbox 982 3921 1024 3977; x_wconf 89' lang='lat' dir='ltr'>ita</span> <span class='ocrx_word' id='word_1_272' title='bbox 1047 3922 1237 3994; x_wconf 85' lang='lat' dir='ltr'>cognitiones</span> <span class='ocrx_word' id='word_1_273' title='bbox 1259 3929 1299 3990; x_wconf 87' lang='lat' dir='ltr'>(n.</span> <span class='ocrx_word' id='word_1_274' title='bbox 1322 3921 1415 3993; x_wconf 81' lang='lat'>1033[?</span> 
     </span>
     <span class='ocr_line' id='line_1_34' title="bbox 301 3991 1062 4076; baseline 0.004 -17"><span class='ocrx_word' id='word_1_275' title='bbox 301 3993 389 4060; x_wconf 68' lang='lat' dir='ltr'>toral·</span> <span class='ocrx_word' id='word_1_276' title='bbox 404 3993 481 4060; x_wconf 82' lang='lat'>2576·</span> <span class='ocrx_word' id='word_1_277' title='bbox 498 4003 573 4061; x_wconf 77' lang='lat'>53¹9·</span> <span class='ocrx_word' id='word_1_278' title='bbox 589 4003 755 4076; x_wconf 69' lang='lat'><strong>⁵954·‚92}2·</strong></span> <span class='ocrx_word' id='word_1_279' title='bbox 769 3991 938 4062; x_wconf 66' lang='grc'>91199951,</span> <span class='ocrx_word' id='word_1_280' title='bbox 956 3993 1062 4062; x_wconf 78' lang='lat'>10536).</span> 
     </span>
     <span class='ocr_line' id='line_1_35' title="bbox 382 4061 1226 4133; baseline 0.002 -17"><span class='ocrx_word' id='word_1_281' title='bbox 382 4063 441 4116; x_wconf 91' lang='lat' dir='ltr'>uod</span> <span class='ocrx_word' id='word_1_282' title='bbox 455 4070 470 4091; x_wconf 82' lang='lat'>⁴·</span> <span class='ocrx_word' id='word_1_283' title='bbox 480 4079 610 4133; x_wconf 86' lang='lat' dir='ltr'>purpura</span> <span class='ocrx_word' id='word_1_284' title='bbox 619 4063 634 4082; x_wconf 87' lang='lat'>&#39;’</span> <span class='ocrx_word' id='word_1_285' title='bbox 647 4061 797 4132; x_wconf 73' lang='lat' dir='ltr'>significet</span> <span class='ocrx_word' id='word_1_286' title='bbox 809 4064 921 4117; x_wconf 89' lang='lat' dir='ltr'>bonum</span> <span class='ocrx_word' id='word_1_287' title='bbox 935 4063 1066 4118; x_wconf 79' lang='lat' dir='ltr'>caeleste</span> <span class='ocrx_word' id='word_1_288' title='bbox 1080 4065 1120 4131; x_wconf 89' lang='lat' dir='ltr'>(n.</span> <span class='ocrx_word' id='word_1_289' title='bbox 1134 4063 1226 4132; x_wconf 85' lang='lat'>9467).</span> 
     </span>
     <span class='ocr_line' id='line_1_36' title="bbox 382 4133 1414 4205; baseline 0.002 -19"><span class='ocrx_word' id='word_1_290' title='bbox 382 4133 441 4187; x_wconf 91' lang='lat' dir='ltr'>uod</span> <span class='ocrx_word' id='word_1_291' title='bbox 465 4133 620 4204; x_wconf 78' lang='lat' dir='ltr'>“byssus&#39;&#39;</span> <span class='ocrx_word' id='word_1_292' title='bbox 642 4133 790 4205; x_wconf 84' lang='lat' dir='ltr'>significet</span> <span class='ocrx_word' id='word_1_293' title='bbox 811 4149 914 4188; x_wconf 88' lang='lat' dir='ltr'>verum</span> <span class='ocrx_word' id='word_1_294' title='bbox 936 4149 974 4188; x_wconf 83' lang='lat' dir='ltr'>ex</span> <span class='ocrx_word' id='word_1_295' title='bbox 994 4134 1110 4205; x_wconf 86' lang='lat' dir='ltr'>origine</span> <span class='ocrx_word' id='word_1_296' title='bbox 1131 4135 1252 4189; x_wconf 88' lang='lat' dir='ltr'>caelesti</span> <span class='ocrx_word' id='word_1_297' title='bbox 1275 4136 1316 4204; x_wconf 90' lang='lat' dir='ltr'>(n.</span> <span class='ocrx_word' id='word_1_298' title='bbox 1339 4149 1414 4204; x_wconf 82' lang='lat'>5319,</span> 
     </span>
    </p>
   </div>
   <div class='ocr_carea' id='block_1_8' title="bbox 299 4203 482 4274">
    <p class='ocr_par' dir='ltr' id='par_1_8' title="bbox 299 4203 482 4274">
     <span class='ocr_line' id='line_1_37' title="bbox 299 4203 482 4274; baseline -0.011 0"><span class='ocrx_word' id='word_1_299' title='bbox 299 4203 377 4274; x_wconf 72' lang='grc'>9469,</span> <span class='ocrx_word' id='word_1_300' title='bbox 390 4204 482 4272; x_wconf 87' lang='lat'>9744)-</span> 
     </span>
    </p>
   </div>
   <div class='ocr_carea' id='block_1_9' title="bbox 298 4321 1415 4464">
    <p class='ocr_par' dir='ltr' id='par_1_9' title="bbox 298 4321 1415 4464">
     <span class='ocr_line' id='line_1_38' title="bbox 350 4321 1415 4396; baseline 0.002 -20"><span class='ocrx_word' id='word_1_301' title='bbox 350 4323 391 4391; x_wconf 75' lang='lat' dir='ltr'>(k)</span> <span class='ocrx_word' id='word_1_302' title='bbox 411 4321 500 4395; x_wconf 76' lang='lat' dir='ltr'>Quod</span> <span class='ocrx_word' id='word_1_303' title='bbox 517 4323 694 4378; x_wconf 80' lang='lat' dir='ltr'>“camelus&#39;&#39;</span> <span class='ocrx_word' id='word_1_304' title='bbox 711 4323 741 4378; x_wconf 93' lang='lat' dir='ltr'>in</span> <span class='ocrx_word' id='word_1_305' title='bbox 756 4323 857 4379; x_wconf 91' lang='lat' dir='ltr'>Verbo</span> <span class='ocrx_word' id='word_1_306' title='bbox 869 4323 1018 4395; x_wconf 87' lang='lat' dir='ltr'>significet</span> <span class='ocrx_word' id='word_1_307' title='bbox 1030 4321 1214 4396; x_wconf 86' lang='lat' dir='ltr'>cognitivum</span> <span class='ocrx_word' id='word_1_308' title='bbox 1228 4335 1258 4380; x_wconf 90' lang='lat' dir='ltr'>et</span> <span class='ocrx_word' id='word_1_309' title='bbox 1273 4324 1415 4380; x_wconf 85' lang='lat' dir='ltr'>scientifi-</span> 
     </span>
     <span class='ocr_line' id='line_1_39' title="bbox 298 4393 968 4464; baseline 0 -15"><span class='ocrx_word' id='word_1_310' title='bbox 298 4409 366 4449; x_wconf 89' lang='lat' dir='ltr'>cum</span> <span class='ocrx_word' id='word_1_311' title='bbox 381 4393 409 4446; x_wconf 91' lang='lat' dir='ltr'>in</span> <span class='ocrx_word' id='word_1_312' title='bbox 444 4409 533 4448; x_wconf 90' lang='lat' dir='ltr'>enere</span> <span class='ocrx_word' id='word_1_313' title='bbox 547 4396 588 4462; x_wconf 89' lang='lat' dir='ltr'>(n.</span> <span class='ocrx_word' id='word_1_314' title='bbox 602 4395 680 4462; x_wconf 82' lang='lat'><strong>3048.</strong></span> <span class='ocrx_word' id='word_1_315' title='bbox 694 4408 771 4462; x_wconf 87' lang='lat'>3071,</span> <span class='ocrx_word' id='word_1_316' title='bbox 786 4409 862 4464; x_wconf 84' lang='lat'>3143,</span> <span class='ocrx_word' id='word_1_317' title='bbox 877 4395 968 4464; x_wconf 82' lang='lat'>3145).</span> 
     </span>
    </p>
   </div>
   <div class='ocr_carea' id='block_1_10' title="bbox 352 4461 1511 4606">
    <p class='ocr_par' dir='ltr' id='par_1_10' title="bbox 352 4461 1511 4606">
     <span class='ocr_line' id='line_1_40' title="bbox 352 4461 1511 4606; baseline -0.001 -89"><span class='ocrx_word' id='word_1_318' title='bbox 352 4461 411 4606; x_wconf 71' lang='grc' dir='ltr'>81ιί</span> <span class='ocrx_word' id='word_1_319' title='bbox 448 4471 463 4494; x_wconf 88' lang='grc'>··</span> <span class='ocrx_word' id='word_1_320' title='bbox 472 4463 669 4534; x_wconf 77' lang='lat' dir='ltr'>acupidlum‚’&#39;</span> <span class='ocrx_word' id='word_1_321' title='bbox 683 4471 698 4494; x_wconf 79' lang='lat'>⁴⁸</span> <span class='ocrx_word' id='word_1_322' title='bbox 707 4465 913 4536; x_wconf 83' lang='lat' dir='ltr'>acupingere,&#39;&#39;</span> <span class='ocrx_word' id='word_1_323' title='bbox 925 4475 956 4519; x_wconf 93' lang='lat' dir='ltr'>et</span> <span class='ocrx_word' id='word_1_324' title='bbox 970 4464 1039 4521; x_wconf 92' lang='lat' dir='ltr'>inde</span> <span class='ocrx_word' id='word_1_325' title='bbox 1052 4465 1124 4536; x_wconf 89' lang='lat' dir='ltr'>quid</span> <span class='ocrx_word' id='word_1_326' title='bbox 1138 4473 1232 4520; x_wconf 85' lang='lat' dir='ltr'>“acus</span> <span class='ocrx_word' id='word_1_327' title='bbox 1242 4465 1257 4486; x_wconf 92' lang='lat'>&#39;&#39;</span> <span class='ocrx_word' id='word_1_328' title='bbox 1271 4466 1311 4533; x_wconf 92' lang='lat' dir='ltr'>(n.</span> <span class='ocrx_word' id='word_1_329' title='bbox 1321 4465 1414 4534; x_wconf 87' lang='lat'>6988).</span> <span class='ocrx_word' id='word_1_330' title='bbox 1507 4508 1511 4516; x_wconf 87' lang='lat'>.</span> 
     </span>
    </p>
   </div>
   <div class='ocr_carea' id='block_1_11' title="bbox 300 4535 1413 4676">
    <p class='ocr_par' dir='ltr' id='par_1_11' title="bbox 300 4535 1413 4676">
     <span class='ocr_line' id='line_1_41' title="bbox 382 4535 1413 4673; baseline 0.002 -85"><span class='ocrx_word' id='word_1_331' title='bbox 382 4535 441 4673; x_wconf 72' lang='lat' dir='ltr'>pod</span> <span class='ocrx_word' id='word_1_332' title='bbox 454 4550 491 4588; x_wconf 88' lang='lat' dir='ltr'>ex</span> <span class='ocrx_word' id='word_1_333' title='bbox 504 4535 676 4672; x_wconf 63' lang='lat' dir='ltr'>s63ientificis</span> <span class='ocrx_word' id='word_1_334' title='bbox 686 4535 795 4591; x_wconf 88' lang='lat' dir='ltr'>intrare</span> <span class='ocrx_word' id='word_1_335' title='bbox 809 4536 838 4590; x_wconf 93' lang='lat' dir='ltr'>in</span> <span class='ocrx_word' id='word_1_336' title='bbox 851 4551 922 4591; x_wconf 92' lang='lat' dir='ltr'>vera</span> <span class='ocrx_word' id='word_1_337' title='bbox 932 4535 1000 4590; x_wconf 85' lang='lat' dir='ltr'>lidei</span> <span class='ocrx_word' id='word_1_338' title='bbox 1013 4537 1053 4592; x_wconf 89' lang='lat' dir='ltr'>sit</span> <span class='ocrx_word' id='word_1_339' title='bbox 1065 4547 1172 4592; x_wconf 90' lang='lat' dir='ltr'>contra</span> <span class='ocrx_word' id='word_1_340' title='bbox 1181 4535 1324 4591; x_wconf 88' lang='lat' dir='ltr'>Divinum</span> <span class='ocrx_word' id='word_1_341' title='bbox 1334 4535 1413 4591; x_wconf 88' lang='lat' dir='ltr'>ordi-</span> 
     </span>
     <span class='ocr_line' id='line_1_42' title="bbox 300 4619 545 4676; baseline 0.012 -18"><span class='ocrx_word' id='word_1_342' title='bbox 300 4620 367 4660; x_wconf 94' lang='lat' dir='ltr'>nem</span> <span class='ocrx_word' id='word_1_343' title='bbox 396 4619 506 4676; x_wconf 85' lang='lat' dir='ltr'>n.1023</span> <span class='ocrx_word' id='word_1_344' title='bbox 539 4647 545 4661; x_wconf 94' lang='lat'>.</span> 
     </span>
    </p>
   </div>
   <div class='ocr_carea' id='block_1_12' title="bbox 0 0 1708 5358">
    <p class='ocr_par' dir='ltr' id='par_1_12' title="bbox 0 0 1708 5358">
     <span class='ocr_line' id='line_1_43' title="bbox 0 0 1708 5358; baseline 0 0"><span class='ocrx_word' id='word_1_345' title='bbox 0 0 1708 5358; x_wconf 95' lang='lat' dir='ltr'> </span> 
     </span>
    </p>
   </div>
  </div>
 </body>
</html>
