3368 5356
312 605 355 654 20
638 605 688 654 DE
711 603 838 654 CAELO
862 603 909 656 ΕΤ
933 604 1115 658 turrano.

311 783 409 850 faclei
431 781 586 850 illorum:
617 803 735 848 verum
759 805 828 850 non
851 795 931 851 suut
950 784 1066 868 angeli
1088 785 1145 868 qui
1166 805 1204 850 se
1226 795 1366 854 uertunt
1389 789 1433 856 ad

313 879 511 955 Dominum,
528 879 594 949 sed
614 879 783 944 Dominus
801 881 858 964 qui
877 881 982 946 vertit
1001 881 1080 946 illos
1090 880 1142 946 ad
1165 880 1221 956 Se,
1240 883 1297 964 qui
1315 893 1433 950 amant

311 974 423 1040 facere
441 975 501 1039 illa
519 997 606 1060 quae
624 975 668 1040 ab
687 973 819 1058 lpsol⁶⁶l
864 973 933 1040 Sed
951 977 996 1042 de
1018 973 1071 1042 lrls
1089 975 1189 1060 plura
1206 977 1240 1040 in
1259 979 1433 1062 sequenti·

313 1070 387 1147 bus,
407 1071 463 1134 ubi
479 1071 523 1135 de
543 1071 657 1154 Plagis
676 1071 709 1135 in
727 1071 840 1136 altera
858 1071 940 1137 vita.

377 1165 444 1232 18·
475 1164 577 1248 Quod
597 1165 758 1230 Divinum
775 1166 913 1231 Domini
932 1167 965 1230 in
982 1165 1079 1232 caelo
1098 1166 1144 1232 sit
1161 1186 1268 1244 amor,
1285 1177 1340 1233 est
1356 1170 1434 1254 quia

313 1281 409 1326 amor
431 1271 485 1325 est
507 1261 762 1344 receptaculum
778 1261 930 1328 omnium
953 1261 1050 1340 caeli,
1071 1273 1257 1348 quaesunt
1280 1283 1361 1346 pax,
1376 1265 1432 1329 in·

311 1355 516 1438 telligentia,
529 1356 708 1438 sapientia,
722 1375 762 1420 ac
778 1356 944 1434 felicitasr
968 1377 1065 1422 amor
1079 1358 1170 1422 enim
1186 1359 1307 1440 recipit
1320 1359 1433 1423 omnia

311 1460 348 1514 et
364 1450 499 1533 singula
513 1471 599 1534 quae
616 1452 679 1515 sibi
695 1451 915 1528 conveniunt,
933 1452 1106 1516 desiderat
1123 1451 1191 1526 illa,
1209 1453 1347 1536 inquirit
1363 1453 1432 1530 illa,

312 1545 432 1610 imbuit
451 1546 510 1614 illa
524 1547 614 1615 sicut
633 1567 694 1610 sua
709 1556 845 1630 sponte,
860 1565 940 1610 nam
956 1546 1031 1613 vult
1050 1547 1214 1611 continue
1231 1547 1433 1630 locupletari

312 1651 348 1706 et
372 1637 487 1724 perfici
512 1641 556 1704 ab
579 1631 645 1704 illis
659 1637 711 1703 :l“l
735 1641 825 1724 quod
849 1641 954 1704 etiam
974 1651 1094 1704 notum
1117 1652 1170 1706 est
1193 1641 1333 1718 homini,
1354 1663 1433 1707 nam

311 1755 408 1800 amor
426 1734 516 1818 apud
535 1735 630 1800 illum
649 1737 745 1818 quasi
763 1736 901 1816 inspicit
920 1744 955 1802 et
979 1735 1091 1802 haurit
1113 1757 1159 1802 ex
1183 1737 1283 1804 rebus
1303 1757 1433 1806 memo-

311 1831 380 1894 riae
399 1829 470 1912 ejus
488 1831 605 1894 omnia
619 1851 706 1912 quae
722 1830 947 1904 concordant,
965 1850 1005 1894 ac
1025 1830 1084 1914 illa
1100 1831 1245 1914 colligit,
1262 1842 1298 1898 et
1317 1831 1433 1916 dispo-

312 1926 364 1991 nit
386 1925 421 1988 in
450 1945 488 1988 se
516 1933 553 1989 et
576 1924 639 1988 sub
663 1945 711 2000 se,
731 1925 765 1990 in
792 1944 829 1988 se
855 1934 893 1992 ut
916 1925 986 1990 sint
1004 1945 1076 2000 sua,
1095 1944 1135 1990 ac
1155 1925 1218 1990 sub
1236 1947 1273 1989 se
1303 1937 1342 1992 ut
1370 1926 1433 1996 sibi

311 2021 519 2098 inserviant;
544 2029 661 2084 cetera
679 2029 807 2093 autern,
827 2039 914 2102 quae
934 2040 1001 2084 non
1020 2021 1246 2096 concordant,
1266 2019 1376 2100 rejicit
1396 2032 1433 2088 et

312 2117 533 2180 exterminat.
578 2111 680 2195 Quod
705 2116 812 2180 amori
838 2115 919 2180 insit
946 2117 1057 2178 omnis
1080 2114 1225 2180 facultas
1249 2118 1433 2200 recipiendi

311 2231 393 2274 vera
410 2209 474 2274 sibi
490 2209 740 2284 convenientia,
759 2229 799 2276 ac
816 2209 1022 2276 desiderium
1038 2208 1097 2277 illa
1113 2211 1177 2276 sibi
1192 2211 1431 2294 conjungendi,

311 2307 423 2388 patuit
442 2306 547 2368 etiam
567 2304 747 2368 manifeste
766 2304 811 2368 ab
828 2303 896 2370 illis
914 2305 970 2389 qui
993 2305 1027 2368 in
1047 2305 1180 2370 caelum
1203 2303 1314 2372 evefti
1332 2317 1412 2375 sunt
1423 2329 1432 2388 ς

311 2399 361 2463 llli
379 2399 520 2464 tametsi
538 2398 711 2479 simplices
734 2399 767 2462 in
794 2399 923 2464 mundo
941 2399 1086 2476 fuerunt,
1107 2419 1213 2481 usque
1244 2401 1277 2464 in
1296 2402 1432 2484 sapien·

312 2496 396 2558 tiam
409 2492 601 2575 angelicam
617 2503 654 2556 et
670 2494 703 2556 in
720 2493 831 2558 felicia
841 2492 927 2558 caeli
939 2503 1118 2568 venerunt,
1132 2513 1209 2556 cum
1225 2494 1315 2558 inter
1326 2515 1432 2578 ange·

311 2587 383 2652 los:
414 2608 516 2652 causa
533 2587 607 2661 fuit,
625 2583 702 2669 qnia
725 2598 926 2654 amaverunt
945 2588 1073 2652 bonum
1097 2597 1134 2652 et
1157 2608 1275 2656 verum
1294 2601 1433 2671 propter

311 2680 439 2746 bonum
458 2691 493 2745 et
512 2701 640 2756 verum,
658 2691 693 2745 et
713 2681 1005 2762 implantaverunt
1023 2682 1083 2746 illa
1101 2683 1194 2746 vltae
1210 2703 1301 2758 suae,
1318 2694 1354 2748 et
1374 2705 1433 2766 per

311 2776 347 2842 id
365 2776 547 2841 facultates
565 2773 645 2840 facti
664 2786 744 2840 sunt
762 2777 947 2858 recipiendi
963 2777 1095 2840 caelum
1112 2797 1189 2840 cum
1205 2779 1299 2842 omni
1317 2778 1432 2845 ineffa-

311 2871 372 2936 bili
399 2871 454 2936 ibi.
499 2869 566 2952 Qui
585 2880 700 2934 autem
730 2872 763 2934 in
793 2891 909 2936 amore
936 2871 987 2934 sui
1010 2880 1047 2936 et
1075 2873 1192 2936 mundi
1212 2881 1302 2948 sunt,
1322 2872 1370 2936 illi
1399 2874 1432 2938 in

274 3033 277 3042 ,
309 2967 406 3032 nulla
421 2967 585 3032 facultate
597 2967 784 3048 recipiendi
800 2965 859 3032 illa
874 2977 965 3041 sunt,
979 2977 1180 3031 aversantur
1195 2966 1265 3042 illa,
1279 2966 1432 3048 rejiciunt

311 3063 381 3140 illa,
399 3073 434 3126 et
451 3063 494 3149 ad
514 3063 658 3144 primum
675 3059 805 3126 tadtum
824 3071 860 3126 et
880 3061 1043 3126 influxum
1060 3081 1177 3126 eorum
1194 3061 1380 3144 aufugiunt,
1396 3071 1433 3126 et

311 3179 349 3224 se
372 3159 546 3222 associant
569 3156 636 3220 illis
657 3157 692 3220 in
715 3156 857 3230 inferno,
878 3157 934 3240 qui
958 3157 991 3220 in
1015 3156 1180 3220 similibus
1202 3176 1318 3222 secum
1337 3176 1431 3221 amo·

311 3253 404 3319 ribus
434 3262 524 3316 sunt.
569 3251 722 3316 Fuerunt
751 3252 889 3333 spiritus
918 3251 975 3334 qui
1001 3251 1206 3316 dubitabant
1230 3251 1320 3334 quod
1350 3251 1433 3317 talia

311 3349 465 3413 inessent
477 3349 584 3412 amori
597 3346 751 3421 caelesti,
764 3355 801 3411 et
813 3346 1055 3410 desiderabant
1068 3347 1153 3410 scire
1166 3366 1245 3410 num
1259 3347 1307 3410 ita
1319 3357 1432 3426 esset;

310 3453 522 3526 quapropter
540 3441 634 3506 missi
652 3451 732 3506 sunt
753 3443 787 3506 in
806 3450 938 3506 statum
957 3441 1081 3504 amoris
1100 3441 1272 3516 caelestis,
1292 3443 1433 3508 remotis

311 3539 443 3603 interea
458 3536 686 3610 obstantibus,
700 3546 736 3600 et
753 3535 875 3618 perlati
891 3545 1084 3602 antrorsum
1101 3537 1144 3600 ad
1160 3537 1361 3600 distantiam
1376 3536 1432 3602 ubi

313 3633 447 3698 caelum
469 3631 674 3714 angelicum,
699 3639 734 3695 et
765 3631 845 3694 inde
867 3629 973 3696 locuti
1003 3640 1083 3696 sunt
1106 3649 1251 3706 mecum,
1276 3631 1432 3696 dieentes

713 3828 752 3882 lut
764 3837 862 3874 mm
872 3827 1035 3882 mmmm-l

369 3933 422 4001 (lb)
444 3931 534 4006 Quod
549 3931 673 4003 spiritus
688 3939 719 3987 et
740 3930 839 4003 angeli
860 3947 893 3988 se
912 3939 1091 3988 convertant
1109 3938 1284 3986 constanter
1304 3929 1342 3984 ad
1361 3945 1433 3985 suos

313 4019 440 4066 amores,
456 4013 487 4059 et
505 4003 557 4074 qui
576 4003 607 4058 in
626 4002 717 4058 caelis
735 4011 910 4057 constanter
927 4002 966 4057 ad
984 3999 1148 4056 Dominum
1169 4001 1209 4070 (n.
1228 4015 1321 4070 1013o‚
1340 3991 1432 4070 10189,

316 4075 573 4216 ¹04iil’rrlllwlllgae
587 4143 616 4200 in
629 4144 724 4202 altera
733 4141 797 4198 vita
804 4143 915 4214 cuique
926 4143 988 4199 sint
997 4142 1162 4200 secundum
1171 4139 1326 4212 aspeftum
1336 4138 1432 4208 faciel,

313 4225 345 4273 et
369 4213 441 4271 inde
483 4215 707 4275 eterminentur.
722 4213 810 4269 aliter
833 4229 868 4270 ec
893 4213 922 4270 in
939 4213 1052 4272 mundo
1065 4213 1107 4284 (n.
1122 4225 1215 4284 ror3o‚
1232 4213 1432 4284 10189,10420.

314 4288 424 4358 10702).

368 4377 421 4447 (cc)
441 4375 530 4462 Quod
546 4373 642 4434 amori
658 4374 751 4435 insint
766 4371 1002 4436 innumerabilia.
1015 4383 1047 4436 et
1061 4373 1143 4446 quod
1158 4389 1243 4430 amor
1257 4371 1380 4446 recipiat
1395 4370 1432 4438 sd

310 4464 474 4588 &aarum
495 4463 573 4520 quae
596 4445 782 4510 concordant
805 4447 845 4514 (u.
871 4457 950 4514 2500,
973 4457 1051 4516 2572·
1071 4443 1149 4516 3078,
1166 4443 1243 4514 3189,
1259 4443 1338 4514 6323,
1354 4453 1432 4512 7490.
