3382 5358
533 657 583 708 DE
606 659 730 712 ssnw
753 659 859 711 PACIS
881 660 923 710 IN
945 659 1082 712 CAELO.
1343 651 1403 731 169

277 839 331 896 est
350 851 395 896 ex
412 850 478 914 qus
494 850 597 896 omne
613 833 741 896 bouum
758 831 855 908 caeli,
873 843 910 898 et
930 853 1000 914 pax
1018 853 1064 897 ex
1080 851 1147 916 qua
1163 852 1264 898 omne
1280 833 1401 916 jucun·

277 927 358 992 dum
376 925 466 994 illius
486 926 576 992 boni.
623 927 707 994 lnde
727 937 889 995 constare
909 937 1038 1012 potest,
1057 928 1152 1011 quod
1170 929 1292 993 similia
1314 951 1402 1013 quae

277 1023 320 1086 de
346 1031 441 1086 statu
462 1023 684 1090 innocentiae
710 1025 744 1090 in
771 1023 875 1088 caelis
898 1025 932 1088 in
956 1025 1120 1108 superiori
1142 1024 1288 1088 articulo
1310 1023 1403 1090 dina

277 1125 367 1192 sunt,
388 1117 493 1180 etiam
514 1119 556 1180 de
576 1128 671 1182 statu
690 1118 784 1201 pacis
804 1118 858 1182 hic
878 1119 944 1182 dici
963 1127 1104 1202 queant,
1122 1121 1283 1202 quoniam
1302 1121 1401 1184 inno·

276 1212 392 1276 centia
410 1223 446 1277 et
470 1233 540 1294 pax
560 1211 763 1296 conjunctae
782 1222 865 1278 sunt
883 1215 973 1279 sieut
989 1215 1118 1278 bonurn
1137 1224 1173 1279 et
1193 1215 1265 1297 ejus
1279 1214 1400 1296 iucun-

276 1307 369 1382 dum,
389 1307 518 1372 bonurn
537 1309 628 1372 enim
648 1309 797 1374 sentitur
815 1329 987 1392 persuum
1003 1309 1203 1392 jucundum,
1222 1321 1259 1376 et
1279 1311 1399 1394 jucun·

275 1403 355 1468 dum
376 1403 599 1484 cognoscitur
616 1425 662 1468 ex
680 1424 744 1469 suo
762 1405 864 1468 bono.
910 1403 999 1486 Quia
1017 1405 1067 1472 ita
1089 1415 1156 1482 est,
1177 1415 1287 1489 patet,
1308 1409 1399 1490 quod

274 1498 389 1580 angeli
411 1499 522 1564 intimi
544 1520 606 1564 seu
628 1501 722 1566 tertii
742 1500 829 1564 caeli
859 1501 893 1568 iu
920 1503 1026 1566 tertio
1054 1521 1115 1566 seu
1144 1503 1268 1566 intimo
1291 1505 1401 1586 gradu

273 1594 369 1677 pacis
381 1595 461 1670 sint,
474 1595 552 1678 quie
567 1596 601 1660 in
614 1597 720 1660 tertio
732 1617 793 1662 seu
805 1596 928 1661 intimo
939 1597 1050 1679 gradu
1062 1597 1283 1663 innocentiae
1296 1608 1376 1664 sunt
1391 1620 1400 1678 ;

273 1697 311 1756 et
329 1690 421 1774 qnod
436 1690 553 1772 angeli
571 1690 767 1756 inferiorum
783 1691 957 1756 caelorum
976 1694 1010 1755 in
1030 1693 1162 1756 minore
1178 1693 1287 1775 gradu
1305 1695 1401 1776 pacis

274 1785 355 1860 sint,
375 1785 455 1868 quia
472 1787 507 1850 in
525 1787 657 1851 minore
676 1787 786 1868 gradu
804 1787 1025 1852 innocentiae
1046 1787 1218 1870 (videatur
1237 1809 1349 1872 supra,
1367 1809 1400 1856 n.

273 1879 362 1963 280).
408 1879 511 1963 Quod
529 1883 730 1947 innocentia
747 1893 784 1946 et
800 1903 871 1965 pax
890 1883 991 1947 simul
1011 1884 1091 1959 sint,
1109 1885 1197 1948 sicut
1216 1885 1344 1950 bonum
1363 1895 1400 1952 et

273 1975 347 2060 ejus
366 1976 565 2059 jucundum,
585 1978 692 2044 videri
722 1979 841 2061 potest
870 1980 961 2062 apud
990 1979 1149 2055 infantes,
1173 1981 1231 2062 qui
1257 1983 1336 2064 quia
1365 1983 1399 2046 in

272 2073 472 2138 innocentia
489 2083 571 2139 sunt
586 2075 692 2140 etiarn
710 2075 745 2139 in
765 2095 850 2158 pace
866 2085 970 2154 sunt;
994 2085 1030 2140 et
1049 2077 1128 2158 quia
1150 2077 1184 2139 in
1204 2096 1300 2158 pace,
1321 2077 1400 2142 ldeo

273 2169 390 2234 omnia
409 2169 500 2252 apud
516 2169 597 2234 illos
612 2169 715 2253 plena
730 2170 824 2234 lusus
839 2179 928 2235 sunt.
972 2167 1041 2234 Sed
1057 2189 1127 2252 pax
1143 2172 1234 2254 apud
1250 2173 1399 2240 infantes

273 2273 326 2329 est
340 2285 410 2348 pax
420 2274 578 2339 externa,
592 2286 662 2349 pax
675 2275 790 2331 autem
803 2268 939 2331 interna
950 2267 1040 2330 sicut
1053 2267 1253 2332 innocentia
1263 2268 1400 2332 interna

273 2379 344 2424 non
363 2360 466 2424 datur
484 2361 548 2424 nisi
567 2362 602 2424 in
620 2362 810 2444 sapientia3
835 2373 871 2426 et
890 2363 970 2445 quia
987 2362 1022 2426 in
1041 2363 1222 2445 sapientia,
1243 2363 1346 2427 datur
1363 2365 1398 2428 in

272 2454 513 2539 conjuntiione
543 2457 626 2522 boni
656 2468 693 2522 et
726 2460 809 2535 veri,
838 2479 917 2523 narn
948 2459 1029 2522 inde
1059 2461 1240 2542 sapientia.
1286 2460 1399 2525 Datur

273 2553 379 2618 etism
398 2572 469 2636 pax
488 2552 650 2618 caelestis
668 2573 729 2618 seu
747 2555 906 2638 angelica
924 2555 1016 2638 apud
1035 2554 1194 2620 homines
1213 2555 1323 2639 quiin
1342 2573 1398 2622 ss·

271 2647 403 2730 pientia
421 2658 501 2712 sunt
523 2669 569 2712 ex
592 2647 833 2730 conjunctione
852 2651 933 2714 boni
956 2659 992 2714 et
1014 2653 1096 2726 veri,
1116 2659 1153 2715 et
1176 2652 1233 2734 qui
1256 2651 1337 2716 inde
1360 2672 1397 2717 se

271 2742 465 2824 percipiunt
484 2752 673 2808 contentos
690 2745 725 2808 in
743 2745 842 2824 Deo;
867 2755 921 2810 ast
940 2745 1010 2819 illa,
1030 2746 1192 2828 quamdiu
1215 2748 1249 2810 in
1268 2748 1398 2810 mundo

270 2837 402 2914 vivunt,
416 2839 599 2902 recondita
611 2838 699 2904 latet
717 2842 751 2904 in
767 2861 885 2906 eorum
898 2841 1129 2917 interioribus,
1147 2841 1208 2904 sed
1226 2842 1398 2906 revelatur
1430 2905 1433 2911 .

271 2951 348 2998 cum
367 2933 564 3016 relinquunt
581 2953 717 3018 corpus,
734 2946 771 3002 et
790 2937 922 3002 intrant
941 2935 1087 3014 caelum,
1105 2955 1185 3001 narn
1205 2946 1287 3002 tunc
1307 2939 1397 3002 inte·

270 3027 360 3092 riora
378 3030 587 3110 aperiuntur.
1163 3061 1168 3075 ·

333 3123 433 3205 289.
462 3123 553 3206 Quia
569 3124 696 3190 Divina
710 3143 780 3204 pax
796 3123 919 3190 existit
937 3145 983 3190 ex
999 3125 1241 3210 conjunttione
1257 3128 1398 3193 Domini

271 3237 348 3285 cum
372 3218 482 3295 eaelo,
507 3229 543 3284 et
570 3219 605 3282 in
632 3220 748 3302 specie
771 3221 862 3302 apud
886 3225 1147 3305 unumquemvis
1169 3223 1332 3306 angelum
1351 3245 1398 3289 ex

270 3312 510 3396 conjunttione
532 3315 615 3379 boni
644 3326 680 3380 et
708 3315 791 3392 veri,
816 3316 894 3380 ideo
917 3318 1043 3401 angeli,
1068 3319 1207 3402 quando
1237 3320 1271 3383 in
1301 3328 1398 3383 statu

270 3411 397 3472 amoris
411 3420 503 3486 sunt,
520 3410 555 3474 in
574 3419 669 3476 statu
685 3411 779 3494 pacis
795 3421 887 3486 sunt,
905 3432 984 3476 narn
1004 3423 1087 3478 tunc
1104 3416 1194 3498 apud
1213 3414 1293 3480 illos
1311 3433 1397 3478 con·

269 3501 421 3586 jungitur
439 3504 567 3568 bonum
586 3526 679 3570 vero.
727 3503 847 3588 (Quod
865 3506 1069 3588 angelorum
1088 3519 1201 3573 status
1221 3529 1282 3590 per
1303 3510 1398 3575 vices

271 3609 458 3675 mutantur.
479 3601 637 3668 videatur
660 3621 773 3684 supra,
794 3621 826 3664 n.
850 3602 1022 3686 154·¹⁶0·)
1068 3601 1235 3668 Similiter
1257 3603 1296 3670 fit
1318 3625 1397 3670 cum

269 3694 409 3758 homine
435 3696 491 3778 qui
518 3707 765 3778 regeneratur;
796 3697 935 3779 quando
961 3700 1054 3780 apud
1081 3699 1178 3764 ilium
1200 3695 1397 3782 conjunctio

269 3789 351 3854 boni
379 3799 416 3856 et
440 3791 512 3858 veri
534 3791 668 3863 existit,
688 3791 780 3874 quod
810 3791 849 3857 fir
876 3793 1040 3874 imprimis
1064 3803 1143 3876 post
1167 3797 1395 3874 tentationes,

269 3894 351 3950 tunc
368 3886 402 3948 in
418 3895 550 3950 statum
566 3885 706 3968 jucundi
725 3909 771 3950 ex
790 3907 876 3974 pace
899 3888 1044 3953 caelesti
1062 3887 1200 3954 veniri)
1246 3889 1318 3954 Pax
1337 3891 1397 3956 illa

269 3983 504 4064 comparative
521 4003 557 4046 se
573 3981 681 4046 habet
694 3981 781 4046 sicut
795 4003 896 4048 mane
909 4005 969 4048 seu
982 4005 1104 4050 aurora
1117 3995 1274 4068 tempore
1287 3987 1375 4052 veris
1387 4008 1396 4066 ;

268 4096 337 4160 quo
355 4086 525 4159 tempore.
542 4075 668 4144 exacta
686 4075 800 4154 nocte,
817 4079 862 4142 ab
880 4089 1007 4144 exortu
1025 4081 1110 4144 solis
1128 4083 1246 4146 omnia
1261 4081 1396 4150 telluris

268 4172 436 4255 incipiunt
455 4193 474 4236 e
494 4193 585 4236 novo
604 4173 729 4250 vivere,
745 4193 785 4237 ac
805 4175 892 4238 odor
910 4178 1132 4258 vegetativus
1148 4177 1396 4258 circumspergi

268 4287 313 4330 ex
333 4288 409 4331 rore
428 4269 484 4351 qui
507 4289 526 4332 e
549 4268 648 4333 caelo
667 4269 859 4346 descendit,
880 4269 916 4335 et
939 4293 1075 4356 quoque
1095 4273 1209 4337 media
1228 4274 1396 4356 temperie

675 4489 713 4540 (ιιι
727 4499 824 4532 neuun
836 4494 1003 4544 ammaus.)

323 4589 363 4657 (r)
387 4585 476 4660 Quod
487 4588 662 4660 conjunctio
674 4591 745 4646 boni
758 4602 789 4646 et
800 4592 861 4648 veri
875 4595 955 4664 apud
972 4595 1124 4649 hominem
1138 4596 1188 4666 qui
1203 4606 1396 4666 regeneratur

269 4657 321 4714 nar
335 4659 364 4714 in
379 4671 460 4716 statu
475 4661 558 4731 pacis
572 4663 612 4730 (n.
627 4661 704 4732 3696,
719 4662 811 4733 8517).
862 4715 865 4722 .
