3382 5358
289 606 349 676 154
606 607 658 658 ns
680 607 807 660 casso
830 607 1085 660 arrursnno.

282 777 317 842 in
340 776 485 860 singulis
503 777 595 842 enim
614 797 701 861 quae
720 779 836 861 angeli
859 779 1045 862 loquuntur
1064 788 1144 841 sunt
1167 795 1295 842 arcana
1317 775 1408 858 sapi·

281 873 397 938 entiae
415 873 448 935 in
470 874 635 937 continuo
655 894 757 951 nexu,
778 875 822 938 ad
842 895 930 958 quae
949 875 1116 940 scientiae
1135 873 1307 936 humanae
1327 891 1408 936 nus-

282 990 384 1053 quam
398 973 612 1054 pertingunt.
649 971 780 1054 Angeli
793 974 900 1038 etiam
913 993 1000 1056 quae
1013 991 1082 1036 non
1095 973 1237 1036 vocibus
1250 969 1409 1054 loquelae

281 1085 363 1129 suae
379 1066 780 1150 exhauriunt-supplent
800 1087 897 1140 sono,
915 1069 968 1130 cui
985 1069 1074 1131 inest
1091 1063 1227 1130 afleitio
1243 1085 1353 1129 rerum
1374 1065 1407 1126 in

281 1181 344 1224 suo
356 1161 487 1234 ordine,
500 1179 591 1235 nam,
603 1170 640 1223 ut
654 1180 757 1243 supra
771 1159 819 1243 (n.
833 1161 905 1242 236,
919 1159 995 1243 241)
1010 1158 1137 1224 didium
1150 1171 1217 1237 est,
1232 1182 1292 1244 per
1302 1181 1407 1224 sonos

281 1256 480 1338 exprimunt
501 1253 711 1332 affectiones,
732 1265 767 1320 et
791 1277 851 1339 per
874 1277 978 1320 voces
998 1256 1093 1319 ideas
1111 1257 1338 1338 cogitationis
1360 1275 1407 1319 ex

281 1347 538 1428 affedlionibus3
562 1351 642 1414 inde
661 1361 727 1427 est,
745 1351 838 1434 quod
857 1371 945 1434 quae
964 1351 1150 1415 audiuntur
1172 1351 1205 1414 in
1225 1351 1334 1427 caelo,
1355 1351 1406 1414 di·

281 1454 404 1507 cantur
423 1443 617 1508 ineffabilia.
662 1445 793 1528 Angeli
817 1447 976 1511 similiter
994 1455 1141 1530 possunt
1160 1445 1296 1528 singula
1318 1465 1406 1528 quae

279 1539 314 1603 in
334 1539 507 1604 volumine
523 1540 664 1622 alicujus
684 1541 759 1604 libri
778 1543 908 1623 scripta
927 1551 1018 1616 sunt,
1037 1542 1155 1622 paucis
1174 1540 1316 1604 vocibus
1333 1541 1404 1603 edi·

280 1653 368 1710 cere,
382 1645 418 1699 et
435 1638 543 1700 cuivis
559 1639 635 1700 voci
652 1637 770 1700 indere
787 1637 871 1700 talia
884 1658 971 1719 quae
985 1637 1123 1701 elevant
1140 1637 1184 1700 ad
1201 1637 1405 1718 sapientiam

280 1729 500 1809 interiorem;
535 1731 673 1814 loquela
700 1733 791 1796 enim
814 1751 933 1796 eorum
957 1732 1038 1795 talis
1068 1741 1134 1806 est,
1167 1741 1204 1794 ut
1234 1741 1405 1794 consonet

280 1845 358 1890 cum
381 1825 628 1902 affedtionibus‚
654 1837 689 1891 et
719 1830 927 1910 unaquaevis
950 1849 1021 1891 vox
1051 1847 1128 1890 cum
1159 1827 1264 1904 ideis;
1301 1845 1405 1888 voces

279 1922 385 1986 etiam
414 1924 591 1985 variantur
619 1922 761 1986 infinitis
795 1923 907 1986 modis
936 1923 1125 1986 secundum
1156 1922 1260 1984 series
1293 1939 1404 1984 rerum

279 2037 366 2100 quae
385 2017 419 2079 in
438 2017 624 2100 complexu
643 2027 723 2081 sunt
745 2019 779 2081 in
803 2019 1028 2099 cogitatione.
1075 2016 1205 2098 Angeli
1224 2016 1404 2078 interiores

277 2115 382 2176 etiam
401 2125 547 2194 possunt
567 2131 613 2176 ex
630 2134 717 2176 sono
733 2125 769 2177 et
786 2112 885 2176 simul
899 2112 1068 2196 aliquibus
1077 2112 1218 2174 vocibus
1232 2111 1405 2193 loquentis

279 2209 365 2272 scire
396 2209 566 2288 integram
594 2207 666 2291 ejus
697 2209 827 2286 vitam;
862 2211 1055 2292 percipiunt
1082 2208 1172 2271 enim
1204 2227 1250 2268 ex
1278 2225 1405 2268 sonoro

275 2303 456 2384 variegato
479 2323 539 2384 per
561 2303 658 2366 ideas
684 2303 718 2366 in
744 2302 886 2368 vocibus
909 2321 1062 2368 amorem
1085 2300 1157 2384 ejus
1179 2311 1397 2384 regnantem,

277 2399 330 2462 cui
353 2398 469 2461 insunt
493 2399 589 2480 quasi
612 2398 777 2480 inscripta
795 2399 981 2480 singularia
998 2399 1092 2461 vitae
1115 2395 1228 2478 ejusln
1274 2396 1331 2459 Ex
1350 2396 1402 2460 his

279 2503 389 2575 patet,
410 2494 519 2578 qualis
543 2503 596 2557 est
620 2493 792 2576 sapientia
810 2493 1023 2574 angelorum.
1069 2491 1246 2574 Sapientia
1265 2492 1401 2556 illorum

276 2609 312 2652 se
332 2589 438 2652 habet
458 2590 502 2654 ad
523 2590 727 2670 sapientiam
748 2589 933 2652 humanam
953 2590 1040 2652 sicut
1061 2589 1187 2669 myrias
1210 2589 1254 2650 ad
1278 2608 1400 2652 unum:

276 2686 512 2767 comparative
532 2685 620 2747 sicut
640 2685 729 2747 vires
749 2685 913 2747 motrices
933 2684 1040 2746 totius
1059 2683 1223 2765 corporis,
1240 2703 1328 2765 quae
1349 2685 1400 2746 in·

277 2779 506 2843 numerabiles
526 2789 618 2853 sunt,
639 2779 682 2841 ad
703 2777 875 2842 adtionem
892 2799 937 2841 ex
957 2777 1034 2854 illis,
1055 2799 1142 2860 quae
1161 2797 1279 2841 coram
1298 2797 1401 2841 sensu

275 2873 427 2937 humano
446 2885 614 2956 apparent
638 2883 675 2937 ut
700 2893 824 2952 unum;
855 2883 915 2936 aut
939 2874 1028 2936 sicut
1053 2873 1160 2935 millia
1184 2870 1307 2954 objecti
1329 2874 1402 2936 visa

276 2966 428 3051 perlecto
441 2971 667 3050 microscopio
684 2970 727 3032 ad
744 2988 847 3031 unum
861 2969 1042 3032 obscurum
1056 2987 1171 3030 coram
1185 2968 1277 3030 nudo
1290 2967 1399 3030 oculo.

275 3063 391 3128 Velim
405 3067 511 3128 etiam
529 3084 599 3128 rem
614 3065 784 3128 illustrare
798 3063 983 3146 exemplo:
1009 3062 1153 3144 angelus
1170 3083 1215 3126 ex
1232 3064 1401 3144 sapientia

274 3181 336 3224 sua
358 3161 539 3241 descripsit
563 3161 876 3242 regenerationem,
896 3171 932 3222 et
957 3158 1101 3240 protulit
1125 3178 1251 3222 arcana
1274 3159 1318 3221 de
1341 3157 1400 3222 illa

275 3257 309 3318 in
329 3277 391 3320 suo
410 3257 528 3319 ordine
548 3277 653 3339 usque
674 3258 716 3321 ad
736 3265 897 3329 centena,
915 3265 949 3318 et
971 3255 1221 3336 unumquodvis
1237 3273 1398 3317 arcanum

274 3351 431 3434 implevit
454 3351 539 3414 ideis
562 3352 596 3414 in
620 3351 740 3433 quibus
764 3371 889 3414 arcana
912 3351 1075 3414 interiora
1098 3359 1210 3426 erant,
1231 3359 1266 3413 et
1291 3349 1356 3412 hoc
1380 3369 1400 3412 a

275 3447 441 3529 principio
471 3446 514 3508 ad
545 3443 668 3522 finem;
702 3447 864 3528 exposuit
895 3447 986 3508 enim
1016 3445 1190 3527 quomodo
1214 3443 1400 3526 spiritualis

674 3645 712 3697 (ιι
726 3655 824 3686 1111111111
836 3649 1000 3692 cassamus.)

334 3751 370 3816 (c)
391 3747 480 3818 Quod
496 3747 537 3814 [id
551 3745 643 3815 quod]
658 3741 866 3798 universaliter
877 3753 1004 3810 regnans
1017 3755 1069 3792 seu
1083 3737 1243 3792 dominans
1255 3745 1302 3790 est
1313 3735 1393 3818 apud
1426 3705 1433 3808 l

281 3820 433 3874 hominem
443 3815 654 3886 sitinsingulis
663 3814 823 3884 ejusvitae.
834 3812 874 3864 ita
884 3811 911 3864 in
922 3811 1060 3864 omnibus
1070 3821 1101 3863 et
1110 3808 1394 3928 singulisejuscogr·

280 3890 404 3946 tationis
414 3901 445 3943 et
454 3887 622 3943 affectionis
635 3889 760 3952 (114459,
774 3895 849 3950 5949,
859 3881 936 3949 6159,
947 3881 1025 3948 6571,
1037 3880 1114 3944 7648,
1125 3879 1203 3942 8967,
1214 3877 1353 3946 8855-885
1373 3877 1393 3938 t.

336 3959 425 4028 Quod
445 3959 538 4011 homo
557 3957 626 4010 talis
644 3956 690 4017 sit,
706 3953 804 4025 qualis
818 3954 884 4024 ejus
902 3968 987 4006 amor
1002 3951 1160 4005 dominans
1178 3951 1218 4019 (n.
1238 3949 1317 4019 918[?
1332 3949 1405 4019 917],
1438 4013 1442 4022 Ι

283 4041 358 4094 1949,
372 4027 468 4098 8858);
488 4029 672 4082 illustratum
680 4029 737 4095 per
748 4025 879 4093 exempla
893 4026 934 4092 (n.
948 4023 1026 4091 8854,
1040 4021 1131 4090 8857).

336 4097 426 4170 Quod
441 4097 470 4152 id
486 4099 567 4170 quod
581 4096 791 4150 universaliter
803 4105 917 4166 regnat,
928 4093 1018 4148 iaciat
1030 4093 1124 4146 vitam
1137 4089 1261 4162 spiritus
1273 4090 1405 4145 hominis

282 4169 469 4312 (1157261ῗέ818
483 4239 522 4293 sit
536 4239 600 4308 ipsa
612 4237 752 4291 voluntas
764 4236 837 4306 ejus.
852 4235 915 4306 ipse
928 4250 1014 4289 amor
1026 4233 1100 4303 ejus,
1113 4243 1144 4287 et
1157 4231 1225 4286 finis
1237 4201 1318 4286 uitae
1330 4233 1405 4302 ejus.

282 4311 424 4382 quoniam
435 4310 516 4380 quod
528 4310 620 4363 homo
631 4309 695 4361 vult
709 4308 767 4362 hoc
778 4318 867 4369 amat,
878 4315 908 4360 et
921 4305 1002 4375 quod
1014 4315 1095 4358 amat
1107 4303 1166 4358 hoc
1180 4319 1235 4374 pro
1245 4303 1304 4357 fine
1314 4301 1405 4357 habet

282 4375 981 4462 umffiwwmmw·
1298 4443 1367 4456 ,,

336 4451 426 4522 Quod
448 4452 516 4505 ideo
535 4451 628 4504 homo
647 4449 716 4503 talis
736 4459 775 4502 srt
793 4447 888 4517 qualrs
907 4463 972 4516 ejus
988 4446 1136 4506 voluntas.
1153 4454 1205 4498 aut
1223 4444 1320 4514 qualis
1339 4457 1404 4512 ejus

282 4539 367 4577 amor
386 4539 523 4593 regnans,
538 4532 590 4575 aut
610 4520 707 4589 qualis
722 4521 787 4589 ejus
803 4518 871 4572 finis
886 4518 966 4571 vitae
983 4519 1024 4585 (n.
1046 4515 1121 4584 1568,
1141 4527 1215 4583 1571,
1233 4528 1309 4584 5579,
1325 4527 1405 4582 4954,

282 4593 362 4664 6571,
375 4591 472 4662 695411
491 4591 582 4662 6955],
595 4591 674 4660 6958,
690 4589 768 4660 8856,
785 4589 877 4656 19976,
895 4603 987 4656 19199,
1005 4601 1097 4649 19119,
1114 4586 1219 4652 19184).
