3368 5356
282 613 325 680 68
629 625 680 677 oa
702 625 829 677 casto
853 625 900 687 555,
924 625 1108 678 maranno.

283 799 415 866 Hortus
429 799 494 864 Dei
510 809 545 863 et
562 793 794 876 Paradisum-*l
810 809 847 864 et
862 817 997 882 quoque
1014 799 1058 864 ab
1074 797 1212 863 homine
1225 798 1406 865 Paradisus

281 897 452 962 caelestis.
497 895 651 958 Arbores
670 895 858 960 secundum
881 915 960 958 suas
982 896 1116 978 species
1134 896 1406 979 correspondent
1516 949 1520 958 .

281 991 558 1076 perceptionibus
587 999 624 1055 et
654 991 908 1072 cognitionibus
931 991 1013 1056 boni
1042 999 1079 1054 et
1108 991 1190 1066 veri,
1207 1011 1253 1054 ex
1283 991 1406 1074 quibus

281 1087 514 1170 intelligentia
543 1095 580 1150 et
611 1087 800 1168 sapientia;
838 1085 917 1150 ldeo
946 1086 1088 1168 antiqui,
1112 1086 1169 1168 qui
1198 1087 1233 1150 in
1263 1087 1406 1150 scientia

281 1183 662 1266 correspondentiamm
682 1193 791 1258 erant,
813 1182 942 1246 cultum
967 1201 1063 1246 suum
1083 1179 1239 1246 sanetum
1262 1182 1296 1246 in
1319 1181 1405 1246 lucis

281 1279 475 1343 habuerunt
488 1275 531 1357 3th
550 1289 586 1342 et
603 1277 681 1340 inde
697 1285 762 1353 est,
779 1277 871 1360 quod
887 1279 921 1340 in
938 1276 1056 1341 Verbo
1071 1279 1174 1341 toties
1186 1277 1406 1342 nominentur

281 1375 431 1449 arbores,
451 1383 486 1438 et
509 1372 575 1436 illis
594 1371 739 1446 caelum,
759 1373 917 1448 ecclesia,
938 1382 973 1436 et
996 1373 1099 1436 homo
1119 1382 1347 1453 comparatur,
1367 1379 1404 1436 ut

281 1471 353 1543 viti,
375 1468 483 1544 oleae,
497 1469 611 1543 cedro,
631 1477 667 1532 et
691 1467 785 1546 aliis;
816 1487 855 1531 ac
880 1468 972 1531 bona
989 1487 1076 1550 quae
1088 1467 1216 1530 iaciunt
1231 1463 1402 1530 frustibus.

282 1563 356 1628 Cibi
376 1566 481 1628 etiam
500 1564 556 1646 qui
579 1583 624 1626 ex
648 1563 725 1636 illis,
747 1562 910 1645 imprimis
926 1563 982 1644 qui
1006 1581 1050 1625 ex
1074 1562 1269 1634 seminibus
1283 1562 1404 1626 messis

281 1661 365 1740 agri,
390 1658 661 1741 correspondent
684 1654 919 1721 aliattionibus
943 1657 1024 1720 boni
1057 1667 1093 1721 et
1125 1658 1208 1732 veri,
1232 1675 1405 1721 excausa

281 1757 359 1836 quia
375 1755 527 1817 nutriunt
545 1754 651 1816 vit'am
667 1753 891 1834 spiritualem,
910 1752 997 1816 sicut
1018 1753 1083 1815 cibi
1103 1762 1284 1816 terrestres
1304 1761 1404 1815 natu·

280 1845 430 1912 ralem.l⁰l
486 1847 585 1911 Panis
615 1849 694 1911 inde
730 1849 764 1911 in
798 1867 924 1929 genere
955 1847 1203 1930 correspondet
1235 1845 1405 1911 affedtioni

281 1945 392 2008 omnis
410 1945 502 2018 boni,
520 1945 599 2027 quia
620 1944 678 2007 ille
695 1963 776 2026 prae
795 1945 920 2008 ceteris
939 1953 1116 2008 sustentat
1134 1945 1252 2019 vitam,
1272 1954 1308 2006 et
1326 1944 1405 2026 quia

281 2057 341 2124 per
370 2039 465 2102 illum
488 2039 693 2120 intelligitur
715 2039 826 2103 omnis
849 2041 963 2102 cibus:
999 2049 1141 2122 propter
1163 2038 1258 2102 illam
1288 2058 1403 2102 corre·

280 2135 524 2217 spondentiam
548 2136 653 2198 etiam
677 2133 845 2198 Dominus
869 2133 913 2198 Se
943 2144 1047 2198 vocat
1072 2135 1199 2198 Panem
1222 2135 1333 2197 vitae:
1367 2141 1404 2198 et

280 2251 415 2314 quoque
432 2240 572 2312 propter
588 2229 681 2292 illam
696 2249 802 2311 panes
821 2230 854 2293 in
871 2249 933 2292 usu
949 2227 1070 2294 saneto
1082 2229 1216 2294 fuerunt
1230 2230 1265 2292 in
1281 2228 1404 2294 Eccle-

280 2328 330 2388 sia
350 2325 551 2398 Israelitica,
569 2325 786 2406 ponebantur
805 2326 896 2389 enim
915 2345 1016 2406 super
1032 2324 1155 2388 Mensa
1173 2326 1207 2388 in
1227 2324 1404 2388 Taberna·

281 2420 370 2495 cu10,
395 2431 431 2484 et
463 2421 676 2484 vocabantur
700 2421 809 2483 Panes
841 2420 1024 2484 facierum:
1060 2429 1095 2484 et
1127 2439 1262 2502 quoque
1293 2419 1404 2482 omnis

280 2515 391 2579 cultus
409 2515 562 2588 Divinus,
577 2517 632 2597 qui
652 2536 711 2597 per
727 2513 890 2578 sacrificia
906 2524 942 2578 et
961 2513 1166 2578 holocausta
1181 2513 1296 2588 fiebat,
1311 2514 1403 2576 dice·

280 2611 380 2672 batur
393 2610 507 2691 panis:
529 2621 669 2692 propter
681 2609 775 2672 illam
790 2610 1131 2690 correspondentiam
1144 2609 1249 2672 etiam
1260 2606 1403 2672 sandtis·

279 2705 401 2767 simum
415 2705 526 2766 cultus
546 2705 579 2767 in
600 2703 756 2768 Ecclesia
771 2703 964 2768 Christiana
978 2714 1031 2767 est
1052 2703 1155 2768 Sacra
1169 2703 1274 2779 Cena,
1287 2704 1321 2766 in
1338 2723 1405 2786 qua

279 2799 380 2862 datur
404 2800 500 2880 panis
524 2810 559 2862 et
584 2797 750 2862 vinumlrl
797 2799 853 2862 Ex
877 2799 930 2862 his
955 2800 1071 2882 paucis
1090 2810 1250 2862 constare
1273 2807 1402 2880 potest,

279 2893 387 2977 qualis
406 2904 460 2957 est
479 2895 792 2976 correspondentia.

679 3090 717 3144 (22
730 3101 829 3132 arcam
841 3091 1007 3146 cammada)

333 3191 386 3276 (m)
407 3188 496 3276 Quod
510 3191 662 3276 1505555505Ι
674 3191 828 3262 paradisus
841 3207 878 3246 ex
892 3193 1161 3264 correspondentia
1172 3191 1343 3266 significent
1359 3191 1406 3247 in-

278 3263 342 3318 telli
364 3273 476 3317 entiam
490 3274 521 3318 et
534 3274 712 3333 sapientiam
728 3265 769 3334 (n.
786 3278 844 3326 100,
862 3263 939 3332 508);
958 3265 995 3318 ab
1006 3267 1188 3335 experientia
1205 3267 1244 3336 (n.
1259 3265 1351 3334 3220).

363 3335 422 3388 uod
443 3333 545 3388 omnia
568 3351 645 3458 puae
670 3335 915 3405 correspondent,
940 3335 1030 3388 etiam
1048 3337 1154 3391 eadem
1176 3335 1349 3408 significent
1373 3333 1403 3388 in

279 3403 380 3458 Verbo
395 3405 435 3474 (n.
450 3403 571 3474 289o[?2
591 3405 646 3474 96],
661 3405 738 3473 2987,
753 3405 830 3474 2989,
845 3417 922 3474 2990,
937 3404 1033 3476 2971[?
1044 3407 1134 3477 2991],
1149 3421 1225 3477 3002,
1240 3409 1332 3477 3225).

334 3515 376 3585 (n)
428 3515 488 3570 uod
501 3517 623 3570 arbores
632 3515 804 3586 significent
817 3517 1025 3586 perceptiones
1037 3527 1068 3572 et
1081 3519 1272 3590 cognitiones
1287 3521 1328 3586 (n.
1345 3533 1402 3588 503,

279 3585 357 3654 2563,
373 3601 387 3639 2
426 3601 449 3648 2,
465 3600 541 3652 2722,
557 3601 634 3656 2972,
648 3587 740 3654 7692).

332 3655 422 3728 Quod
436 3657 505 3712 ideo
518 3657 633 3728 antiqui
649 3655 792 3711 Divinum
803 3655 917 3711 cultum
933 3658 961 3713 in
971 3659 1047 3714 lucis
1059 3660 1114 3714 sub
1128 3660 1283 3715 arboribus
1296 3675 1402 3714 secun-

277 3727 350 3782 dum
364 3743 465 3782 earum
479 3743 579 3783 corres
623 3729 762 3783 ndentias
776 3728 936 3783 habuerint
951 3733 991 3800 (n.
1005 3744 1083 3797 2722,
1096 3733 1189 3800 4552).

334 3799 378 3853 De
395 3797 509 3852 influxu
525 3799 600 3854 cael
626 3800 656 3854 in
675 3798 810 3870 subjedla
825 3801 910 3870 regni
927 3802 1110 3873 vegetabilis,
1127 3813 1161 3856 ut
1180 3801 1211 3855 in
1230 3802 1354 3856 arbores
1371 3811 1402 3856 et
1488 3837 1491 3844 -

279 3869 397 3940 plantas
413 3871 452 3936 (n.
464 3869 554 3940 3648).

332 3982 369 4050 (0)
391 3979 481 4054 Quod
497 3983 556 4038 cibi
572 3999 609 4038 ex
624 3985 891 4054 correspondentia
903 3985 1073 4058 significent
1086 3985 1158 4040 talia
1173 4001 1250 4056 quae
1265 3983 1402 4039 nutriunt

277 4053 371 4107 vium
397 4053 580 4122 spiritualem
609 4057 649 4123 (9·
669 4070 747 4123 5554
766 4071 845 4126 4459.
858 4071 939 4126 4794.
953 4058 1034 4126 4976.
1050 4070 1126 4126 5547.
1143 4069 1218 4126 5293.
1235 4069 1310 4125 5549.
1324 4067 1401 4125 5344

280 4136 356 4194 5459
372 4125 449 4193 5446.
465 4125 540 4194 5576.
557 4125 632 4195 5584
649 4127 721 4196 5588.
740 4127 834 4198 56568
853 4127 939 4198 56551,
956 4141 1031 4197 5945.
1044 4129 1123 4194 6477.
1137 4127 1215 4197 8562.
1229 4127 1321 4196 9997).

332 4236 381 4305 (p)
403 4233 493 4360 ffuod
508 4236 593 4320 panis
602 4236 753 4308 significet
766 4255 856 4294 omne
869 4240 984 4293 bonum
998 4240 1079 4310 quod
1094 4239 1190 4294 nutrit
1203 4239 1297 4294 vitam
1310 4237 1398 4309 spirl-

277 4305 390 4362 tualem
426 4323 536 4362 ommis
551 4309 591 4370 (55.
605 4307 683 4378 2565,
695 4322 772 4376 2577,
783 4309 860 4380 3478,
873 4322 950 4380 3735,
960 4309 1038 4380 3853,
1048 4325 1127 4378 4255,
1141 4324 1221 4378 4257,
1231 4321 1310 4380 4735,
1320 4309 1400 4380 4976,

277 4391 330 4448 932
350 4389 450 4447 ,9545
468 4378 574 4446 59666).

381 4449 421 4504 od
434 4449 532 4504 simile
545 4449 570 4504 si
615 4449 780 4507 lficaverint
793 4467 893 4523 panes,
907 4451 959 4524 qui
972 4469 1063 4524 super
1079 4451 1186 4508 Mensa
1199 4452 1229 4508 in
1243 4451 1398 4508 Taberna·

277 4519 348 4574 culo
364 4522 405 4588 tn·
422 4521 602 4606 54769545,
779 4595 785 4606 ,

332 4589 422 4662 Quod
436 4591 580 4648 sacrificia
594 4609 624 4647 m
633 4609 743 4666 genere
756 4591 837 4649 naa
850 4593 962 4650 luerint
975 4593 1060 4666 panis
1075 4597 1114 4664 (n.
1130 4595 1221 4665 2565).
