3350 5366
385 655 560 712 DOMINUS
583 658 767 712 NEMINEM
790 659 831 712 IN
854 659 1056 716 INFERNUM
1082 663 1238 730 DEJICIT.
1312 665 1372 734 353

249 835 398 894 mortem
422 831 646 916 semetipsum
669 832 811 917 conjicit
837 833 871 899 in
897 833 1075 911 infernum,
1100 844 1135 899 et
1158 855 1227 899 non
1251 835 1371 900 Domi·

249 943 324 988 nus.

310 1021 413 1106 548.
434 1022 632 1104 Quomodo
647 1021 713 1088 hoc
729 1021 779 1099 nt,
794 1024 899 1088 e'tiam
915 1023 1059 1089 dicetur.
1102 1022 1251 1106 Quando
1266 1023 1372 1090 homo

249 1115 396 1180 alteram
412 1119 519 1180 vitant
540 1118 658 1192 intrat,
679 1117 825 1199 primurn
845 1118 1017 1199 excipitur
1034 1117 1078 1180 ab
1096 1117 1241 1200 angelis,
1261 1118 1317 1201 qui
1340 1121 1371 1182 ei

249 1213 365 1275 omnia
383 1211 496 1275 offitia
515 1216 694 1294 praestant
716 1218 753 1275 et
776 1231 912 1295 quoque
931 1231 1008 1276 cunr
1031 1211 1092 1276 illo
1115 1211 1298 1296 loquuntur
1327 1214 1371 1277 de

249 1305 411 1382 Domino,
432 1306 477 1370 de
496 1305 605 1382 caelo,
623 1307 666 1370 de
684 1305 758 1370 vita
776 1305 948 1388 angelica,
966 1315 1070 1390 atque
1086 1305 1256 1372 instruunt
1275 1306 1370 1371 illum

245 1401 282 1462 in
301 1401 390 1464 veris
408 1407 444 1464 et
467 1401 588 1464 bonis:
620 1407 656 1464 at
680 1401 708 1463 si
730 1399 847 1474 homo,
868 1401 950 1464 tunc
975 1401 1125 1483 spiritus,
1147 1402 1227 1465 talis
1250 1411 1314 1477 est,
1333 1411 1369 1466 ut

248 1495 370 1558 similia
389 1497 423 1558 in
442 1496 571 1559 mundo
586 1493 723 1578 quidem
740 1497 885 1569 noverit,
903 1495 964 1559 sed
981 1497 1085 1559 corde
1101 1499 1293 1578 negaverit,
1311 1507 1370 1560 aut

248 1591 427 1670 spreverit,
447 1592 530 1654 tunc
550 1599 629 1672 post
649 1589 800 1672 aliquam
820 1589 1090 1654 collocutionem
1109 1591 1154 1654 ab
1176 1591 1243 1654 illis
1263 1591 1369 1674 cupit,

248 1693 286 1749 et
304 1690 438 1771 quoque
457 1685 646 1748 discessum
665 1685 799 1767 quaerit
815 1705 822 1763 ;
846 1685 1031 1768 quodcum
1052 1685 1288 1768 appercipiunt
1308 1699 1369 1748 an*

248 1781 328 1863 geli,
349 1779 544 1864 relinquunt
565 1781 670 1869 illprn.
718 1781 751 1844 Is
770 1791 851 1863 post
867 1781 981 1864 aliqua
997 1783 1171 1846 consortia
1190 1799 1267 1845 cum
1282 1782 1368 1856 aliis,

248 1877 390 1940 tandem
422 1877 613 1940 associatur
642 1876 710 1939 illis
740 1877 796 1959 qui
830 1877 863 1939 in
895 1876 996 1940 simili
1023 1877 1116 1940 malo
1144 1895 1260 1940 securn
1288 1887 1368 1940 sunt

250 1969 422 2053 (videatur
445 1990 557 2053 supra,
577 1991 609 2033 n.
632 1971 821 2053 445-452):
852 1971 944 2053 quod
968 1991 1045 2034 curn
1069 1969 1119 2045 fit,
1140 1973 1266 2034 avertit
1289 1991 1326 2034 se
1348 1989 1370 2034 a

247 2065 408 2140 Domino,
426 2085 466 2128 ac
483 2067 587 2129 vertit
607 2065 728 2129 faciem
745 2067 789 2128 ad
809 2065 988 2140 infernum,
1006 2065 1060 2128 cui
1079 2063 1278 2148 conjunctus
1297 2065 1367 2130 sue-

246 2169 299 2224 rat
321 2160 356 2222 in
375 2161 515 2236 mundo,
535 2162 590 2223 ubi
614 2161 662 2223 illi
682 2161 737 2242 qui
760 2162 793 2224 in
818 2161 919 2224 simili
938 2177 1055 2223 amore
1075 2160 1155 2222 mali
1175 2169 1265 2223 sunt.
1311 2160 1367 2223 Ex

246 2252 298 2317 his
318 2261 427 2337 patet,
445 2253 537 2338 quod
558 2255 726 2318 Dominus
746 2255 897 2318 adducat
917 2272 1055 2318 omnem
1075 2256 1232 2336 spiritum
1256 2255 1300 2317 ad
1323 2253 1367 2317 Se

246 2363 307 2430 per
321 2349 477 2430 angelos,
497 2358 534 2412 et
557 2369 692 2431 quoque
709 2369 768 2433 per
786 2347 951 2412 iniluxum
982 2369 1001 2412 e
1031 2351 1151 2428 caelo;
1185 2350 1246 2412 sed
1276 2350 1367 2431 quod

245 2444 383 2526 spiritus
411 2445 467 2526 qui
500 2445 535 2507 in
568 2441 660 2506 malo
687 2451 776 2519 sunt,
808 2459 945 2526 prorsus
975 2443 1178 2520 renitantur,
1206 2453 1242 2508 et
1271 2445 1367 2526 quasi

246 2537 416 2602 divellant
440 2557 477 2602 se
500 2559 521 2602 a
544 2539 706 2612 Domino,
726 2545 762 2602 et'
785 2539 968 2603 trahantur
991 2559 1012 2603 a
1034 2559 1097 2603 suo
1120 2539 1212 2602 malo
1235 2539 1323 2603 sicut
1347 2557 1366 2602 a

245 2633 333 2708 lune,
344 2633 392 2696 ita
404 2633 449 2695 ab
461 2633 591 2696 inferno
603 2651 610 2710 ;
631 2641 666 2696 et
680 2633 757 2716 quia
768 2634 960 2709 trahuntur,
973 2644 1008 2697 et
1022 2655 1067 2698 ex
1080 2653 1197 2698 amore
1210 2633 1290 2697 mali
1303 2653 1365 2699 vo·

245 2727 321 2791 lunt
334 2729 440 2810 sequi,
454 2737 591 2790 constat
603 2725 694 2810 quod
710 2747 747 2790 se
764 2747 808 2791 ex
822 2729 930 2791 libero
946 2730 980 2791 in
993 2729 1160 2792 infernum
1171 2729 1365 2810 conjiciant.

246 2820 349 2903 Quod
369 2825 418 2885 ita
438 2823 494 2896 sit,
513 2839 581 2885 non
598 2823 690 2885 credi
710 2831 828 2904 potest
847 2823 881 2885 in
901 2823 1041 2899 mundo,
1058 2845 1103 2887 ex
1127 2825 1204 2886 idea
1222 2823 1341 2886 inferni
1357 2845 1364 2900 ;

244 2917 351 2980 imnio
370 2935 432 2980 nec
452 2927 596 3000 apparet
614 2917 648 2979 in
668 2917 779 2980 altera
798 2918 882 2992 vita,
903 2919 1004 2982 aliter
1022 2937 1138 2982 coram
1158 2917 1267 2982 oculis
1286 2919 1363 2981 illo-

244 3029 317 3074 rum
337 3013 393 3094 qui
412 3013 516 3075 extra
533 3011 699 3075 infernum
719 3021 811 3087 sunt,
825 3031 895 3076 non
911 3025 1028 3077 autem
1045 3013 1135 3096 apud
1155 3013 1233 3076 illos
1252 3015 1309 3096 qui
1328 3035 1365 3078 se

243 3104 323 3169 illuc
344 3106 553 3188 conjiciunt:
577 3107 707 3170 intrant
727 3109 818 3170 enirn
837 3126 898 3170 sua
917 3118 1061 3191 sponte3
1092 3117 1128 3172 et
1152 3108 1201 3171 illi
1232 3110 1288 3190 qui
1318 3129 1363 3172 ex

243 3201 388 3264 ardente
418 3222 534 3265 amore
557 3201 639 3264 mali
669 3202 812 3277 intrant,
837 3213 1005 3285 apparent
1028 3205 1116 3266 sicut
1140 3203 1364 3284 conjiciantur

242 3298 391 3378 supinati
404 3298 518 3379 capite
531 3296 689 3360 deorsum
707 3307 743 3361 et
760 3298 902 3379 pedibus
918 3317 1059 3361 sursum.
1105 3298 1162 3361 Ex
1178 3297 1243 3361 hac
1256 3315 1362 3378 appa-

242 3392 354 3454 rentia
376 3401 442 3465 est,
463 3391 554 3473 quod
574 3392 732 3456 videatur
750 3393 837 3454 sicut
862 3411 907 3456 ex
930 3393 963 3454 vi
987 3393 1113 3456 Divina
1139 3393 1172 3455 in
1195 3392 1361 3455 infernum

242 3484 452 3566 dejiciantur.
492 3483 562 3566 (De
578 3485 642 3548 hac
658 3505 695 3550 re
711 3487 893 3550 videantur
908 3487 1005 3569 plura
1020 3487 1115 3562 inira,
1130 3505 1161 3550 n.
1177 3486 1263 3568 574.)
1305 3487 1361 3550 Ex

242 3579 295 3643 iris
325 3599 415 3642 nunc
443 3580 551 3642 videri
585 3589 714 3662 potest,
739 3582 831 3663 quod
861 3583 1030 3646 Dominus
1059 3600 1128 3647 non
1156 3583 1303 3664 aliquem
1327 3583 1360 3644 in

241 3675 407 3738 infernum
425 3673 573 3754 dejiciat,
594 3676 655 3738 sed
679 3677 819 3759 quisque
842 3687 976 3756 semet;
1007 3698 1075 3742 non
1099 3677 1204 3760 modo
1227 3693 1304 3740 curn
1327 3678 1359 3739 in

241 3767 370 3832 mundo
389 3767 485 3844 vivit,
506 3769 568 3833 sed
598 3770 702 3833 etiam
733 3781 812 3853 post
832 3781 981 3837 mortem
1011 3791 1087 3838 curn
1111 3773 1200 3835 inter
1222 3771 1360 3853 spiritus

241 3864 347 3928 venit.

302 3971 407 4040 549.
437 3955 540 4039 Quod
557 3958 725 4022 Dominus
741 3979 810 4022 non
823 3961 933 4042 possit
950 3981 995 4024 ex
1013 3959 1137 4023 Divina
1153 3979 1214 4022 sua
1229 3957 1358 4021 Essen-

239 4052 297 4126 tia,
315 4070 402 4133 quae
418 4065 472 4116 est
492 4053 636 4126 Bonum,
656 4053 776 4130 Amor,
794 4065 830 4118 et
850 4055 1096 4132 Misericordia,
1114 4075 1218 4136 agere
1235 4053 1355 4116 simili-

238 4155 294 4210 ten
310 4163 389 4210 curn
407 4149 499 4211 omni
518 4148 667 4221 homine,
688 4159 742 4213 est
765 4169 880 4226 causa,
901 4151 979 4234 quia
1002 4149 1093 4214 mala
1115 4159 1151 4212 et
1174 4147 1254 4213 inde
1272 4147 1358 4211 salsa

238 4241 393 4319 obstant,
413 4263 452 4306 ac
477 4243 638 4306 Divinum
659 4244 769 4326 Ipsius
788 4245 953 4309 influxum
972 4265 1041 4309 non
1064 4245 1170 4308 modo
1188 4243 1357 4307 hebetant

238 4335 299 4401 sed
319 4338 423 4401 etiam
442 4337 607 4420 rejiciunt.
653 4338 741 4404 Sunt
760 4335 850 4404 m‘ala
872 4350 909 4406 et
931 4341 1010 4404 inde
1028 4339 1114 4403 salsa
1133 4341 1220 4402 sicut
1238 4338 1356 4420 nigrae

238 4432 357 4509 nubes,
382 4453 469 4515 quae
492 4454 529 4497 se
552 4435 642 4498 inter
664 4435 774 4498 solem
805 4445 842 4500 et
872 4435 1007 4500 oculum
1030 4435 1178 4499 hominis
1201 4435 1355 4516 interpo-

238 4537 335 4602 nunt,
360 4537 396 4591 et
419 4528 575 4593 auserunt
599 4529 683 4593 lucis
707 4531 857 4612 apricum
881 4539 917 4593 et
940 4549 1108 4606 serenum,
1129 4537 1355 4615 permanente

238 4641 342 4705 usque
359 4621 431 4686 sole
450 4623 484 4685 in
500 4623 663 4688 continuo
680 4633 807 4690 conatu
822 4623 1010 4707 dissipandi
1026 4625 1207 4694 obstantes
1223 4624 1330 4690 nubes
1345 4643 1354 4703 ς
