3408 5358
495 670 544 720 DE
567 667 714 720 GAUDIO
737 667 786 718 ΕΤ
810 665 1039 718 FELICITATE
1061 665 1255 716 CAELESTI.
1372 665 1431 732 251

311 839 450 906 olfactui
468 861 515 905 ex
534 837 722 914 odoriferis,
742 837 858 922 gustui
880 857 926 902 ex
950 836 1089 919 sapidis.
1133 833 1237 913 Usus,
1257 855 1344 918 quos
1363 835 1433 898 sin-

310 939 382 1022 guli
398 945 585 1022 praestant,
603 937 715 1001 sciunt
734 937 791 1019 qui
809 935 1024 1018 expendunt,
1041 943 1077 999 et
1096 932 1230 1017 plenius
1245 934 1302 1017 qui
1318 951 1433 998 corre-

310 1037 536 1118 spondentias
553 1043 690 1098 norunt.
734 1031 837 1114 Quod
853 1026 937 1096 visui
951 1031 1022 1096 tale
1037 1030 1225 1114 jucundum
1241 1031 1298 1106 sit,
1315 1041 1370 1095 est
1387 1051 1433 1094 ex

208 1157 211 1162 ·
311 1155 371 1197 usu
387 1151 488 1218 quem
505 1141 660 1215 praestat
676 1127 877 1207 intellectui,
894 1131 950 1214 qui
966 1139 1020 1194 est
1033 1131 1126 1193 visus
1141 1131 1317 1207 internus3
1339 1119 1432 1212 quod

309 1231 440 1294 auditui
470 1230 541 1294 tale
562 1229 748 1312 jucundum
776 1229 833 1302 sit,
853 1237 908 1292 est
935 1247 981 1291 ex
1004 1247 1066 1290 usu
1089 1245 1190 1310 quem
1218 1235 1373 1309 praestat
1395 1236 1432 1292 et

308 1325 500 1392 intellectui
519 1337 555 1392 et
574 1326 748 1391 voluntati
766 1345 827 1410 per
845 1325 1159 1404 auscultationem;
1183 1323 1275 1408 quod
1294 1321 1433 1388 olfadtui

309 1425 381 1490 tale
400 1424 587 1508 jucundum
610 1425 667 1500 sit,
687 1433 742 1488 est
765 1443 811 1488 ex
834 1443 896 1486 usu
926 1441 1027 1506 quem
1053 1432 1209 1505 praestat
1230 1421 1372 1487 cerebro
1395 1431 1431 1486 et

309 1543 444 1606 quoque
468 1521 643 1604 pulmoni;
677 1521 769 1604 quod
794 1522 911 1603 gustui
934 1521 1006 1584 tale
1026 1519 1212 1602 jucundum
1236 1521 1293 1596 sit,
1312 1529 1367 1584 est
1386 1539 1430 1584 ex

309 1640 371 1684 usu
399 1639 500 1704 quem
527 1629 682 1702 praestat
705 1618 901 1682 ventriculo
926 1627 962 1682 et
987 1617 1067 1682 inde
1095 1617 1255 1682 universo
1284 1618 1429 1698 corpori,

309 1718 492 1780 nutriendo
508 1717 612 1796 illud;
640 1715 825 1798 jucundum
843 1714 1048 1797 conjugiale,
1065 1715 1157 1799 quod
1175 1723 1230 1779 est
1245 1713 1431 1796 jucundum

229 1880 233 1888 ,
308 1814 422 1896 purius
442 1824 478 1878 et
497 1813 701 1897 exquisitius
719 1811 843 1889 tactus,
863 1813 1096 1896 praestantius
1114 1821 1169 1877 est
1188 1813 1345 1876 omnibus
1363 1811 1431 1875 illis

309 1912 355 1975 ob
387 1929 495 1988 usum,
526 1913 582 1994 qui
615 1922 669 1976 est
702 1913 897 1994 procreatio
930 1911 1066 1993 generis
1099 1911 1250 1986 humani,
1281 1919 1317 1974 et
1340 1909 1431 1972 ¹inde

307 2007 510 2090 angelorum
534 2009 631 2072 caeli.
676 2007 774 2072 Haec
799 2007 949 2090 jucunda
971 2007 1038 2071 illis
1061 2009 1223 2072 sensoriis
1245 2008 1362 2072 insunt
1384 2027 1430 2071 ex

308 2105 439 2170 influxu
461 2105 558 2182 caeli,
580 2107 635 2170 ubi
658 2124 760 2170 omne
781 2105 967 2188 jucundum
990 2115 1045 2171 est
1071 2125 1162 2182 usus,
1181 2114 1218 2169 et
1242 2105 1429 2168 secundum

308 2221 416 2266 usum.

369 2313 475 2383 403.
505 2299 652 2382 Quidam
675 2301 826 2382 spiritus,
846 2321 893 2364 ex
922 2299 1084 2381 opinione
1106 2299 1141 2363 in
1164 2298 1293 2362 mundo
1315 2307 1428 2380 capta,

308 2397 526 2461 crediderunt
556 2398 648 2480 quod
679 2397 828 2462 felicitas
857 2397 1019 2460 caelestis
1046 2397 1256 2462 consisteret
1289 2397 1324 2459 in
1358 2396 1431 2459 vita

307 2495 429 2569 otiosa,
449 2495 483 2558 in
510 2513 577 2578 qua
601 2496 793 2559 serviantur
817 2495 862 2558 ab
888 2493 983 2572 aliis;
1019 2494 1080 2558 sed
1109 2491 1189 2558 illis
1208 2491 1336 2558 dictum
1363 2505 1428 2568 est,

307 2592 399 2674 quod
416 2611 582 2675 nusquam
599 2592 713 2674 aliqua
727 2586 875 2655 felicitas
890 2593 1061 2656 consistat
1080 2592 1115 2655 in
1131 2611 1174 2656 eo
1185 2599 1223 2654 ut
1239 2592 1428 2673 quiescant,

307 2700 343 2752 et
372 2689 453 2754 inde
479 2689 631 2753 habeant
661 2689 885 2768 felicitatem3
919 2689 969 2753 ita
997 2690 1140 2772 quisque
1167 2687 1276 2752 vellet
1302 2687 1430 2752 habere

307 2786 510 2850 felicitatem
526 2785 670 2850 aliorum
687 2807 748 2869 pro
763 2807 812 2862 se,
825 2796 862 2850 et
879 2806 956 2850 cum
968 2787 1119 2870 quisque,
1134 2785 1248 2849 nullus
1262 2785 1428 2850 haberet:

307 2883 387 2946 talis
403 2885 475 2947 vita
490 2883 578 2947 foret
595 2903 665 2948 non
685 2881 797 2947 adtiva
813 2885 873 2947 sed
890 2885 1015 2958 otiosa,
1034 2885 1068 2947 in
1084 2905 1151 2967 qua
1165 2893 1405 2966 torpescerent
1421 2905 1428 2960 ;

307 2999 384 3044 curn
402 2989 522 3045 tamen
541 2991 664 3045 notum
683 2983 724 3044 iis
738 3001 815 3045 esse
834 2982 956 3064 possit,
977 2982 1069 3064 quod
1085 2981 1214 3064 absque
1229 2983 1302 3044 vita
1317 2978 1430 3045 ac'tiva

307 3077 402 3140 nulla
427 3079 519 3142 vitae
545 3077 704 3154 felicitas,
725 3089 761 3142 et
788 3081 880 3161 quod
907 3080 1016 3143 otium
1043 3077 1114 3161 ejus
1134 3079 1227 3143 vitae
1253 3080 1298 3142 sit
1325 3079 1429 3142 modo

306 3177 528 3238 recreationis
545 3195 659 3252 causa,
677 3187 715 3241 ut
731 3177 875 3240 alacrior
890 3177 934 3240 ad
951 3173 1099 3240 aftivum
1108 3195 1188 3240 suae
1197 3178 1289 3241 vitae
1298 3177 1428 3239 redeat.

307 3271 397 3335 Dein
416 3273 534 3336 multis
552 3283 730 3338 ostensum
754 3284 820 3349 est,
838 3274 930 3357 quod
944 3276 1018 3338 vita
1032 3273 1192 3356 angelica
1206 3275 1376 3337 consistat
1395 3273 1429 3336 in

307 3372 523 3452 praestandis
539 3372 638 3436 bonis
654 3371 845 3448 charitatis,
862 3381 1045 3454 quaesunt
1061 3392 1151 3444 usus,
1165 3381 1201 3435 et
1214 3371 1305 3453 quod
1318 3372 1429 3434 omnis

281 3467 454 3564 ¹felicitas
480 3469 614 3550 angelis
644 3471 689 3533 sit
716 3471 750 3532 in
778 3489 850 3544 usu,
870 3489 916 3532 ex
944 3489 1017 3544 usu,
1041 3478 1077 3532 et
1107 3469 1294 3532 secundum
1321 3488 1429 3532 usum.
1475 3516 1480 3526 .

308 3563 374 3646 Qui
393 3565 500 3630 talem
517 3567 629 3630 ideam
648 3567 852 3642 habuerunt,
872 3567 963 3648 quod
987 3567 1148 3648 gaudium
1173 3565 1326 3630 caeleste
1345 3585 1428 3629 con-

307 3661 446 3725 sisteret
469 3663 503 3724 in
523 3681 575 3737 eo,
595 3672 634 3726 ut
657 3663 760 3726 otiosi
777 3663 944 3737 viverent,
964 3663 1173 3744 respirantes
1195 3662 1230 3724 in
1252 3662 1326 3725 otio
1344 3681 1428 3742 gau-

307 3757 399 3820 dium
419 3768 610 3834 aeternum,
631 3769 668 3822 ut
692 3758 916 3841 pudefierent,
937 3760 1057 3822 datum
1076 3768 1151 3822 erat
1168 3758 1235 3822 illis
1255 3759 1444 3842 percipere-

306 3853 415 3936 qualis
431 3856 504 3919 vita
520 3856 621 3935 talis;
645 3866 681 3920 et
697 3865 863 3940 percepta
878 3865 932 3921 est
951 3857 1043 3940 quod
1058 3857 1267 3932 tristissima,
1284 3865 1320 3920 et
1336 3856 1428 3938 quod

307 3963 473 4031 pereunte
506 3957 554 4018 sic
588 3955 683 4017 omni
716 3955 852 4036 gaudio,
887 3964 968 4037 post
1003 3973 1150 4035 paucum
1183 3964 1319 4036 tempus
1352 3973 1429 4018 eam

306 4047 500 4114 fastidirent
519 4059 556 4115 et
575 4059 790 4115 nausearent.

369 4161 475 4230 404.
505 4146 650 4230 Spiritus
683 4149 740 4231 qui
774 4169 811 4212 se
843 4148 1033 4212 credebant
1070 4145 1305 4212 instructiores
1340 4145 1427 4221 aliis,

306 4241 468 4307 dicebant
497 4246 588 4328 quod
618 4244 703 4309 fides
726 4246 862 4318 illorum
884 4246 985 4310 fuerit
1008 4247 1042 4310 in
1066 4247 1204 4318 mundo,
1228 4245 1320 4327 quod
1344 4265 1427 4326 gau·

307 4339 399 4403 dium
429 4341 581 4406 caeleste
611 4345 819 4408 consisteret
848 4344 883 4406 in
910 4363 952 4408 eo
974 4343 1097 4420 solum,
1117 4353 1154 4406 ut
1184 4343 1365 4406 laudarent
1393 4351 1428 4405 et

307 4436 523 4503 celebrarent
542 4438 665 4515 Deum,
685 4449 721 4505 et
738 4439 829 4523 quod
852 4461 894 4506 ea
916 4451 1012 4506 esset
1030 4441 1102 4504 vita
1121 4437 1251 4516 activa;
1282 4439 1343 4502 sed
1363 4437 1427 4502 illis

307 4530 519 4612 distumrest,
539 4537 631 4619 quod
655 4537 795 4602 laudare
812 4547 848 4602 et
868 4537 1042 4602 celebrare
1066 4538 1176 4600 Deum
1197 4557 1265 4600 non
1285 4537 1329 4600 sit
1348 4536 1427 4600 talis

306 4631 379 4695 vita
408 4629 530 4708 activa,
555 4643 590 4698 et
620 4635 710 4716 quod
740 4633 833 4699 Deus
863 4655 926 4699 nec
954 4654 1040 4716 opus
1062 4633 1189 4700 habeat
1214 4633 1369 4699 laudibus
1392 4645 1426 4698 et
