3408 5358
316 616 380 683 274
641 615 690 666 ns
713 613 839 666 cneco
862 616 910 666 nr
933 615 1115 668 rursnuo.

315 787 372 850 diu
391 783 503 850 ¹¹¹haec
523 783 719 868 conjunctio
735 797 881 870 perstat,
899 787 1030 852 tamdiu
1046 790 1354 872 correspondentia
1373 799 1438 866 est,

314 891 351 946 et
370 883 451 946 inde
470 883 543 946 vita
561 882 701 965 spiritus
719 883 753 945 in
772 901 927 964 corpore.

376 977 479 1062 448.
510 975 696 1059 Quomodo
718 979 938 1042 resuscitatio
960 977 1009 1053 fit,
1034 1000 1103 1043 non
1127 981 1231 1044 modo
1254 980 1337 1044 mihi
1366 981 1439 1044 dic·

314 1081 389 1135 tum
419 1082 484 1147 est,
509 1073 570 1135 sed
594 1073 699 1136 etiam
730 1093 790 1155 per
819 1075 932 1136 vivam
962 1075 1212 1158 experientiam
1237 1085 1438 1154 ostensum;

314 1167 388 1249 ipsa
406 1168 624 1248 experientia
640 1187 773 1232 mecum
789 1165 879 1232 sacta
894 1177 960 1244 est,
977 1169 1023 1231 ob
1040 1185 1177 1232 causam
1197 1179 1235 1233 ut
1255 1169 1357 1251 plene
1373 1171 1438 1235 sci-

313 1281 385 1326 rem
404 1263 578 1344 quomodo
597 1261 645 1326 lit.
1018 1335 1022 1345 ¹

376 1371 481 1440 449.
504 1357 543 1420 In
560 1368 690 1422 statum
704 1357 978 1422 insensibilitatis
991 1359 1103 1464 qutrad
1121 1379 1304 1442 corporeos
1320 1379 1437 1424 sensus

314 1449 497 1533 perductus
517 1455 671 1528 sumita
693 1472 803 1536 paene
822 1455 856 1516 in
876 1463 1004 1517 statum
1025 1455 1254 1528 monentium,
1275 1466 1437 1518 manente

284 1539 288 1546 ’
314 1557 431 1610 tamen
451 1547 612 1612 interiore
630 1549 702 1612 vita
721 1549 855 1630 integra
879 1567 955 1612 cum
975 1549 1201 1630 cogitatione,
1222 1561 1259 1613 ut
1284 1551 1437 1633 percipe·

314 1653 437 1706 temet
457 1644 621 1706 memoria
637 1645 820 1708 retinerem
839 1643 898 1707 illa
917 1662 1003 1727 quae
1020 1646 1278 1726 contingerent,
1296 1657 1332 1708 et
1351 1665 1438 1728 quae

313 1738 523 1819 contingunt
540 1738 607 1801 illis
623 1739 679 1820 qui
695 1759 714 1801 e
731 1741 875 1802 mortuis
891 1741 1150 1804 resuscitantur.
1190 1740 1330 1822 Percepi
1346 1741 1437 1822 quod

313 1851 424 1914 paene
440 1833 606 1914 adempta
621 1843 714 1898 esset
733 1835 914 1915 respiratio
930 1835 1094 1916 corporis,
1112 1845 1314 1899 remanente
1330 1836 1437 1918 respi-

314 1928 447 1991 ratione
460 1929 620 1992 interiore
631 1949 717 2012 quae
730 1929 879 2010 spiritus,
889 1927 1072 2010 conjuncta
1083 1949 1161 1993 cum
1174 1931 1270 1996 tenui
1282 1939 1317 1994 et
1331 1932 1437 1994 tacita

313 2024 475 2106 corporis.
520 2023 668 2088 Primum
682 2034 765 2088 tunc
781 2014 865 2086 data
881 2033 935 2088 est
951 2026 1222 2088 communicatio
1232 2024 1437 2107 quoad'pul·

313 2137 388 2182 sum
407 2119 521 2184 cordis
539 2139 617 2184 cum
633 2139 742 2202 regno
758 2120 912 2196 caelesti,
930 2123 1092 2204 quoniam
1111 2122 1144 2184 id
1164 2140 1307 2202 regnum
1323 2140 1437 2205 corre-

314 2215 463 2307 spondet
471 2215 571 2279 ,cordi
584 2216 674 2298 apud
687 2216 862 2280 hominem
875 2213 913 2278 :l‘l
932 2217 994 2278 visi
1008 2218 1111 2279 etiam
1125 2225 1204 2279 sunt
1218 2215 1335 2297 angeli
1347 2216 1436 2292 inde,

313 2310 445 2392 aliquot
472 2331 491 2374 e
516 2309 716 2395 longinquo,
741 2320 778 2375 et
801 2311 870 2374 bini
894 2331 1001 2393 prope
1019 2320 1124 2393 caput
1144 2312 1197 2373 cui
1216 2310 1437 2389 assidebant;

313 2406 393 2470 inde
416 2407 528 2469 omnis
547 2403 682 2470 affectio
700 2407 838 2488 propria
860 2405 979 2470 ablata
1002 2416 1067 2479 est,
1088 2406 1149 2469 sed
1170 2427 1279 2508 ψει
1302 2425 1436 2490 perma-

313 2502 419 2566 nebat
438 2502 608 2582 cogitatio
627 2511 663 2564 et
687 2503 865 2584 perceptio
881 2523 889 2580 ;
917 2501 951 2564 in
975 2500 1041 2564 hoc
1060 2509 1156 2564 statu
1175 2520 1268 2564 eram
1291 2521 1352 2582 per
1373 2500 1436 2564 ali·

313 2607 397 2681 quot
426 2597 538 2660 horas.
594 2594 740 2679 Spiritus
770 2607 865 2670 tunc,
895 2597 951 2678 qui
980 2597 1106 2660 circum
1136 2614 1191 2658 me
1221 2595 1368 2670 fuerunt,
1399 2616 1437 2659 se

313 2693 551 2767 removebant,
572 2701 795 2756 autumantes
811 2690 902 2776 quod
922 2701 1079 2756 mortuus
1099 2710 1235 2770 essem;
1260 2689 1437 2754 [²¹sentitus

313 2789 419 2852 etiam
442 2797 496 2851 est
520 2788 606 2851 odor
624 2789 844 2862 aromaticus,
865 2788 954 2850 sicut
977 2787 1154 2850 cadaveris
1174 2786 1437 2866 conditi5xnam

313 2903 390 2947 cum
414 2883 531 2965 angeli
554 2881 726 2946 caelestes
750 2883 888 2957 adsunt,
909 2891 992 2945 tunc
1015 2881 1264 2945 cadaverosum
1288 2884 1437 2946 sentitur

314 2987 351 3042 ut
370 2979 610 3053 aromaticum,
630 2997 731 3062 quem
755 2997 832 3040 cum
856 2978 995 3060 spiritus
1014 2977 1180 3051 sentiunt,
1201 2995 1271 3039 non
1290 2988 1436 3060 possunt

313 3075 610 3157 appropinquare;
635 3075 685 3137 ita
700 3093 835 3157 quoque
852 3082 1012 3136 arcentur
1025 3071 1106 3134 mali
1122 3073 1263 3154 spiritus
1279 3093 1300 3136 a
1315 3073 1436 3156 spiritu

313 3170 473 3244 hominis,
500 3187 579 3231 cum
609 3169 755 3250 primum
785 3168 1014 3231 introducitur
1043 3167 1076 3230 in
1106 3168 1215 3230 vitam
1245 3177 1434 3231 aeternam.

314 3264 454 3347 Angeli,
473 3266 530 3347 qui
549 3264 751 3328 assidebant
770 3264 887 3344 capiti,
908 3263 1008 3327 taciti
1027 3271 1137 3337 erant,
1158 3261 1263 3326 modo
1281 3281 1435 3326 commu-

314 3363 471 3424 nicantes
494 3379 555 3422 sua
577 3359 734 3440 cogitata
756 3378 834 3422 cum
861 3359 971 3436 meis;
1003 3378 1091 3440 quae
1114 3377 1189 3421 cum
1214 3358 1434 3440 recipiuntur,

313 3455 426 3519 sciunt
438 3453 554 3536 angeli
566 3453 658 3538 quod
674 3453 813 3536 spiritus
826 3452 975 3516 hominis
991 3453 1024 3515 in
1042 3473 1084 3515 eo
1100 3461 1195 3515 statu
1211 3453 1268 3528 sit,
1282 3460 1320 3515 ut
1337 3453 1435 3516 educi

314 3572 332 3614 e
351 3569 495 3632 corpore
512 3549 632 3632 possit.
677 3547 953 3612 Communicatio
970 3547 1224 3628 cogitationum
1239 3565 1355 3610 eorum
1376 3545 1434 3608 fie-

314 3648 373 3710 bat
392 3665 453 3728 per
470 3643 646 3728 aspectum
665 3643 836 3707 infaciem
854 3661 965 3706 meam
981 3663 989 3720 ;
1013 3643 1060 3705 sic
1077 3642 1168 3706 enim
1187 3641 1221 3704 in
1237 3641 1335 3704 caelo
1350 3639 1435 3706 liunt

314 3742 566 3824 cogitationum
599 3739 941 3802 communicationes.
993 3735 1083 3818 Quia
1116 3735 1199 3799 mihi
1229 3733 1348 3800 relicta
1380 3747 1434 3799 est

313 3837 480 3918 cogitatio
492 3845 528 3900 et
544 3834 732 3917 perceptio,
744 3833 790 3898 ob
802 3851 939 3896 causam
956 3842 993 3896 ut
1010 3833 1131 3895 scirem
1148 3841 1184 3894 et
1201 3831 1435 3894 reminiscerer

313 3933 487 4016 quomodo
505 3930 724 3994 resuscitatio
740 3927 789 4004 fit,
806 3927 1036 4011 percipiebam
1056 3925 1147 4010 quod
1167 3927 1283 4008 angeli
1303 3925 1351 3990 illi
1367 3928 1434 4007 pri·

314 4045 405 4090 mum
428 4027 636 4109 inquirerent
660 4043 747 4107 quae
777 4023 948 4105 cogitatio
978 4041 1055 4085 mea
1083 4031 1188 4098 esset,
1209 4040 1290 4084 num
1317 4020 1434 4084 similis

367 4271 456 4345 Quod
470 4287 555 4326 amor
570 4270 609 4326 sit
621 4270 704 4326 calor
715 4267 886 4340 spiritualis.
899 4277 931 4322 et
946 4266 1016 4322 inde
1032 4266 1130 4336 ipsum
1143 4265 1235 4322 vitale
1248 4265 1380 4320 hominis
1395 4269 1434 4330 (n.

317 4343 391 4416 ¹5⁸u
405 4343 483 4410 2¹4⁶.
497 4357 530 4412 33
550 4339 938 4426 Q·⁴996.708,1-7086.995o
955 4338 1062 4404 1117411).

366 4413 457 4487 Quod
470 4413 528 4468 atie
561 4429 590 4468 ro
602 4423 642 4468 srt
654 4421 832 4466 continuum
845 4425 956 4464 amona
970 4411 1010 4478 (n.
1025 4407 1116 4478 3938).

368 4539 404 4607 (e)
431 4533 521 4607 Quod
531 4549 583 4588 cor
592 4531 825 4604 correspondeat
911 4545 930 4585 o
943 4529 1065 4586 caelesti
1077 4527 1209 4591 Domini,
1220 4529 1324 4600 pulmo
1333 4539 1434 4583 autem

315 4623 407 4680 regno
419 4603 567 4677 spirituali
582 4603 679 4676 lpsius
693 4605 734 4672 (n.
748 4603 826 4674 3635,
840 4601 874 4671 38
911 4599 1021 4671 ,3887).
