3350 5366
316 661 380 730 324
639 657 689 708 ou
711 653 838 706 camo
861 653 910 706 uu
933 651 1116 704 uurunuo.

273 881 276 887 ,
312 833 391 915 quia
415 839 516 895 ruunt
539 830 572 894 in
597 829 710 894 omnis
728 827 864 910 generis
883 825 985 900 mala,
1004 825 1200 908 frequenter
1221 833 1258 889 et
1282 823 1433 907 graviter

311 927 427 991 solent
446 927 564 1008 puniri.
622 925 757 988 Poenae
776 933 856 988 sunt
880 921 1091 1003 multiplices
1119 921 1154 982 in
1185 919 1314 984 mundo
1336 919 1433 1000 spiri-

311 1031 430 1100 tuum3
454 1041 518 1084 nec
538 1019 627 1083 ullus
639 1017 814 1101 respedlus
831 1037 998 1100 personae
1014 1015 1171 1090 habetur,
1189 1017 1261 1086 sive
1280 1035 1342 1078 rex
1360 1015 1433 1077 sive

312 1136 432 1180 servus
455 1116 565 1179 fuerat
592 1116 626 1178 in
650 1115 789 1178 mundo.
834 1112 947 1176 Omne
969 1110 1098 1174 malum
1121 1129 1239 1175 secum
1261 1111 1328 1173 fert
1350 1129 1434 1190 poe·

312 1229 416 1289 nam;
448 1220 527 1274 sunt
547 1206 751 1290 conjundta;
779 1227 885 1290 quare
903 1207 959 1290 qui
991 1208 1026 1269 in
1056 1205 1149 1268 malo
1178 1215 1234 1268 est
1264 1205 1370 1268 etiarn
1399 1205 1433 1267 in

314 1324 427 1388 poena
446 1304 527 1368 mali
547 1313 620 1368 est:
645 1304 707 1367 sed
726 1323 832 1386 usque
852 1303 964 1365 nullus
981 1302 1028 1364 ibi
1047 1299 1109 1363 luit
1128 1317 1274 1382 poenam
1294 1307 1434 1382 propter

315 1401 406 1464 mala
424 1421 511 1483 quae
533 1401 568 1462 in
591 1399 720 1462 mundo
738 1408 871 1480 egerat,
891 1398 952 1462 sed
975 1407 1116 1480 propter
1134 1395 1226 1459 mala
1244 1415 1331 1477 quae
1351 1405 1433 1458 tunc

314 1497 398 1576 agit.
430 1495 579 1562 AEodem
602 1503 721 1558 tamen
744 1494 878 1568 recidit,
903 1502 939 1556 et
969 1492 1079 1555 simile
1102 1501 1168 1566 est,
1193 1491 1264 1554 sive
1288 1489 1433 1564 dicatur,

314 1591 405 1674 quod
425 1589 523 1652 luant
543 1607 673 1670 poenas
689 1597 830 1671 propter
849 1589 941 1651 mala
959 1607 1019 1650 sua
1037 1588 1071 1650 in
1090 1586 1230 1662 mundo,
1250 1585 1323 1648 sive
1341 1585 1434 1648 dica-

314 1694 371 1748 tur
388 1686 479 1767 quod
500 1685 598 1748 luant
614 1703 743 1766 poenas
760 1693 902 1766 propter
920 1682 1011 1746 mala
1029 1701 1116 1765 quae
1141 1690 1249 1764 agunt
1267 1682 1301 1744 in
1324 1681 1434 1744 altera

313 1781 575 1864 vita,quoniam
594 1780 824 1862 unusquisque
842 1780 931 1842 redit
951 1779 985 1841 in
1004 1795 1100 1840 suam
1119 1779 1227 1840 vitam
1247 1785 1326 1858 post
1345 1795 1435 1840 mor·

315 1886 399 1948 tem,
420 1885 455 1938 et
475 1875 522 1938 sic
542 1875 576 1937 in
595 1874 719 1936 similia
738 1874 847 1952 mala;
871 1891 951 1936 nam
971 1872 1052 1936 talis
1071 1872 1176 1935 homo
1194 1881 1249 1934 est
1268 1869 1378 1953 qualis
1400 1872 1435 1932 in

313 1971 386 2032 vita
402 1969 552 2051 corporis
569 1970 619 2032 sui
638 1968 746 2032 fuerat
765 1967 811 2050 (n.
829 1966 1004 2050 470-484).
1050 1966 1152 2048 Quod
1168 1966 1363 2047 puniantur,
1379 1973 1435 2028 est

315 2064 393 2146 quia
412 2065 516 2126 timor
538 2083 600 2145 pro
619 2083 731 2144 poena
753 2073 808 2126 est
831 2065 967 2125 unicum
987 2063 1136 2126 medium
1155 2061 1320 2123 domandi
1343 2059 1435 2123 mala

315 2161 349 2222 in
374 2160 439 2222 hoc
458 2169 574 2237 statu;
606 2159 690 2222 nihil
709 2159 803 2223 valet
826 2159 972 2241 amplius
988 2158 1203 2232 exhortatio,
1224 2156 1307 2220 nihil
1330 2157 1434 2220 infor·

316 2255 436 2329 matio,
456 2273 519 2316 nec
539 2255 640 2316 timor
660 2254 747 2336 legis
769 2264 806 2317 et
825 2255 946 2328 famae,
963 2255 1124 2336 quoniam
1144 2254 1216 2332 agit
1235 2271 1281 2314 ex
1300 2261 1434 2326 natura,

314 2367 403 2430 quae
420 2367 487 2411 non
505 2349 654 2411 coerceri
670 2369 733 2412 nec
753 2349 861 2430 frangi
878 2357 996 2430 potest
1012 2366 1113 2430 quam
1130 2367 1190 2429 per
1206 2365 1346 2427 poenas.
1384 2344 1436 2409 At

316 2441 398 2506 boni
417 2443 556 2524 spiritus
575 2461 742 2524 nusquam
763 2444 958 2524 puniuntur,
975 2442 1118 2504 tametsi
1135 2441 1226 2504 mala
1248 2442 1283 2503 in
1307 2439 1435 2502 mundo

315 2548 472 2620 egerant,
493 2557 571 2600 nam
592 2537 683 2600 mala
702 2557 818 2601 eorum
838 2557 906 2601 non
930 2537 1096 2615 redeunt;
1123 2545 1159 2600 et
1183 2555 1316 2618 quoque
1334 2536 1437 2598 datur

315 2635 414 2706 scire,
432 2633 522 2714 quod
543 2632 634 2695 mala
652 2632 787 2696 illorum
804 2630 890 2695 alius
906 2633 1042 2714 generis
1058 2640 1117 2694 aut
1134 2641 1276 2694 naturae
1291 2631 1435 2707 fuerint;

277 2795 283 2798 ,
316 2746 385 2789 non
405 2729 495 2790 enim
529 2747 575 2790 ex
605 2729 783 2809 proposito
806 2736 928 2790 contra
950 2745 1079 2801 verum,
1103 2735 1139 2788 et
1171 2745 1239 2788 non
1262 2745 1308 2788 ex
1331 2725 1435 2788 corde

316 2822 409 2884 malo
428 2821 496 2884 alio
511 2840 612 2903 quam
631 2823 722 2903 quod
738 2821 848 2884 fuerat
867 2821 933 2884 illis
952 2841 997 2884 ex
1017 2821 1227 2884 hereditario
1244 2840 1264 2882 a
1283 2821 1434 2900 parenti·

314 2917 391 2990 bus,
416 2919 449 2980 in
473 2917 575 2998 quod,
600 2935 678 2979 cum
706 2917 739 2979 in
763 2917 918 2979 externis
942 2917 1110 2998 separatis
1132 2915 1177 2978 ab
1199 2915 1342 2978 internis
1364 2914 1435 2977 fue·

314 3019 405 3084 runt,
426 3031 471 3074 ex
490 3029 594 3074 caeco
610 3010 758 3091 jucundo
777 3011 901 3093 perlati
920 3021 1010 3074 sunt.

382 3121 481 3190 51⁰.
512 3104 662 3188 Quisque
686 3107 730 3169 ad
764 3107 968 3170 societatem
992 3125 1087 3170 suam
1110 3107 1262 3170 venitin
1286 3125 1353 3188 qua
1373 3103 1437 3169 fuit

319 3199 390 3282 ejus
413 3201 553 3282 spiritus
583 3203 616 3264 in
646 3200 796 3278 mundo;
830 3201 1059 3284 unusquisque
1082 3201 1174 3264 enim
1195 3199 1300 3264 homo
1323 3199 1436 3281 quoad

318 3295 474 3377 spiritum
493 3315 590 3358 suum
610 3293 811 3376 conjunctus
830 3305 883 3360 est
907 3294 1006 3358 alicui
1025 3295 1185 3359 societati
1207 3293 1263 3358 vel
1282 3293 1437 3357 infernali

317 3389 373 3453 vel
393 3389 546 3464 caelesti,
564 3389 673 3452 malus
693 3390 851 3452 societati
868 3389 1034 3464 infernali,
1052 3390 1162 3453 bonus
1178 3389 1339 3454 societati
1357 3408 1436 3452 cac·

317 3481 420 3560 lesti;
461 3483 552 3564 quod
585 3483 725 3566 quisque
761 3484 805 3546 ad
838 3501 933 3548 suam
966 3485 1172 3548 societatem
1205 3483 1324 3546 redeat
1357 3491 1437 3564 post

319 3587 467 3641 mortem
486 3578 653 3654 videatur,
671 3599 701 3641 n.
718 3580 802 3658 4383
825 3577 869 3641 ad
885 3577 978 3642 illam
996 3579 1191 3661 perducitur
1206 3578 1344 3660 spiritus
1359 3597 1436 3640 suc·

318 3673 461 3746 cessive,
486 3681 521 3735 et
545 3674 686 3736 tandem
709 3675 817 3737 intrat
839 3674 945 3736 illam.
991 3673 1104 3736 Malus
1126 3673 1273 3755 spiritus,
1298 3691 1375 3735 cum
1401 3673 1436 3736 in

316 3765 442 3831 ¹¹¹statu
458 3767 658 3831 interiorum
671 3785 806 3830 suorum
823 3778 889 3842 est,
902 3769 1048 3831 vertitur
1064 3787 1124 3849 per
1140 3767 1265 3850 gradus
1280 3767 1324 3829 ad
1341 3783 1437 3830 suam

319 3863 536 3937 societatem,
557 3873 592 3926 et
612 3863 754 3926 tandem
773 3861 901 3926 directe
925 3864 968 3926 ad
992 3862 1097 3936 illam,
1117 3873 1305 3944 antequam
1323 3859 1437 3926 finitus

318 3967 373 4020 est
390 3956 444 4019 hic
462 3965 574 4020 status
590 3978 598 4035 ;
622 3967 658 4020 et
677 3977 754 4020 cum
771 3967 884 4021 status
900 3957 1016 4020 finitus
1032 3968 1096 4032 est,
1115 3967 1196 4022 tunc
1212 3959 1285 4040 ipse
1302 3957 1437 4039 spiritus

321 4051 432 4114 malus
452 4071 488 4114 se
508 4051 647 4132 conjicit
670 4053 704 4114 in
728 4052 905 4128 infernum,
926 4054 983 4116 ubi
1006 4054 1057 4116 sui
1076 4053 1205 4116 similes
1223 4060 1313 4116 sunt.
1358 4051 1437 4133 lpse

320 4143 490 4226 conjectio
521 4156 666 4229 apparet
699 4147 743 4209 ad
778 4147 888 4209 visum
921 4149 1010 4212 sicut
1043 4149 1099 4230 qui
1131 4147 1310 4230 supinatus
1342 4145 1437 4209 cadit

321 4242 436 4324 capite
455 4241 613 4304 deorsum
634 4251 669 4305 et
689 4233 833 4324 pedibus
852 4261 1005 4306 sursum:
1030 4261 1134 4306 causa
1152 4242 1244 4324 quod
1263 4243 1313 4305 ita
1330 4259 1437 4324 appa·

321 4345 406 4410 reat,
426 4347 481 4399 est
500 4337 577 4418 quia
599 4337 633 4398 in
652 4335 789 4400 inverso
807 4337 926 4400 ordine
944 4347 1010 4412 est,
1030 4345 1207 4401 amaverat
1225 4338 1316 4400 enim
1336 4335 1436 4400 infer·

322 4429 412 4493 nalia
430 4449 470 4494 ac
486 4429 650 4510 rejecerat
666 4431 841 4495 caelestia.
887 4429 1035 4514 Quidam
1052 4432 1132 4496 mali
1150 4434 1185 4496 in
1204 4431 1356 4496 secundo
1371 4430 1437 4494 hoc

322 4535 416 4588 statu
439 4545 499 4606 per
521 4527 613 4589 vices
636 4527 766 4590 intrant
785 4526 926 4602 inferna,
947 4536 982 4591 et
1005 4547 1139 4610 quoque
1159 4536 1301 4601 exeunt,
1320 4526 1381 4590 sed
1403 4524 1438 4588 hi

322 4639 391 4684 non
411 4631 578 4704 apparent
598 4632 679 4686 tunc
700 4622 847 4704 supinati
867 4623 1001 4698 cadere,
1022 4625 1110 4688 sicut
1135 4643 1210 4687 cum
1235 4623 1335 4706 plene
1359 4642 1437 4686 vas·
