<?xml version="1.0" encoding="UTF-8"?>
<!DOCTYPE html PUBLIC "-//W3C//DTD XHTML 1.0 Transitional//EN"
    "http://www.w3.org/TR/xhtml1/DTD/xhtml1-transitional.dtd">
<html xmlns="http://www.w3.org/1999/xhtml" xml:lang="en" lang="en">
 <head>
  <title>
</title>
<meta http-equiv="Content-Type" content="text/html;charset=utf-8" />
  <meta name='ocr-system' content='tesseract 3.04.00' />
  <meta name='ocr-capabilities' content='ocr_page ocr_carea ocr_par ocr_line ocrx_word'/>
</head>
<body>
  <div class='ocr_page' id='page_1' title='image "./decaeloetejusmi00swedgoog_0277.png"; bbox 0 0 3408 5358; ppageno 0'>
   <div class='ocr_carea' id='block_1_1' title="bbox 294 635 1083 708">
    <p class='ocr_par' dir='ltr' id='par_1_1' title="bbox 294 635 1083 708">
     <span class='ocr_line' id='line_1_1' title="bbox 294 635 1083 708; baseline -0.006 -17"><span class='ocrx_word' id='word_1_1' title='bbox 294 642 357 708; x_wconf 89' lang='lat'>270</span> <span class='ocrx_word' id='word_1_2' title='bbox 610 639 660 690; x_wconf 81' lang='lat' dir='ltr'>DE</span> <span class='ocrx_word' id='word_1_3' title='bbox 682 636 808 690; x_wconf 83' lang='lat' dir='ltr'>CAELO</span> <span class='ocrx_word' id='word_1_4' title='bbox 832 637 880 688; x_wconf 85' lang='lat' dir='ltr'>ET</span> <span class='ocrx_word' id='word_1_5' title='bbox 903 635 1083 688; x_wconf 83' lang='lat' dir='ltr'>INFERNO.</span> 
     </span>
    </p>
   </div>
   <div class='ocr_carea' id='block_1_2' title="bbox 292 803 1406 1252">
    <p class='ocr_par' dir='ltr' id='par_1_2' title="bbox 292 803 1406 1252">
     <span class='ocr_line' id='line_1_2' title="bbox 293 803 1406 892; baseline -0.005 -20"><span class='ocrx_word' id='word_1_6' title='bbox 293 829 393 892; x_wconf 86' lang='lat' dir='ltr'>supra</span> <span class='ocrx_word' id='word_1_7' title='bbox 406 808 452 891; x_wconf 89' lang='lat' dir='ltr'>(n.</span> <span class='ocrx_word' id='word_1_8' title='bbox 468 806 522 891; x_wconf 88' lang='lat'>39)</span> <span class='ocrx_word' id='word_1_9' title='bbox 536 805 650 872; x_wconf 71' lang='lat' dir='ltr'>eitum</span> <span class='ocrx_word' id='word_1_10' title='bbox 662 817 734 886; x_wconf 90' lang='lat' dir='ltr'>est;</span> <span class='ocrx_word' id='word_1_11' title='bbox 757 807 849 890; x_wconf 89' lang='lat' dir='ltr'>quod</span> <span class='ocrx_word' id='word_1_12' title='bbox 865 807 919 871; x_wconf 91' lang='lat' dir='ltr'>hic</span> <span class='ocrx_word' id='word_1_13' title='bbox 933 808 1056 872; x_wconf 90' lang='lat' dir='ltr'>iterum</span> <span class='ocrx_word' id='word_1_14' title='bbox 1070 803 1328 869; x_wconf 88' lang='lat' dir='ltr'>memorandum</span> <span class='ocrx_word' id='word_1_15' title='bbox 1341 812 1406 878; x_wconf 90' lang='lat' dir='ltr'>est,</span> 
     </span>
     <span class='ocr_line' id='line_1_3' title="bbox 292 895 1406 988; baseline -0.007 -20"><span class='ocrx_word' id='word_1_16' title='bbox 292 906 371 988; x_wconf 89' lang='lat' dir='ltr'>quia</span> <span class='ocrx_word' id='word_1_17' title='bbox 388 905 534 968; x_wconf 89' lang='lat' dir='ltr'>interest</span> <span class='ocrx_word' id='word_1_18' title='bbox 553 913 590 968; x_wconf 94' lang='lat' dir='ltr'>ut</span> <span class='ocrx_word' id='word_1_19' title='bbox 610 903 836 966; x_wconf 77' lang='lat' dir='ltr'><strong>discutiantur</strong></span> <span class='ocrx_word' id='word_1_20' title='bbox 851 901 1006 964; x_wconf 86' lang='lat' dir='ltr'>fallaciae</span> <span class='ocrx_word' id='word_1_21' title='bbox 1025 900 1104 964; x_wconf 89' lang='lat' dir='ltr'>inde</span> <span class='ocrx_word' id='word_1_22' title='bbox 1123 909 1258 981; x_wconf 87' lang='lat' dir='ltr'>captae,</span> <span class='ocrx_word' id='word_1_23' title='bbox 1275 907 1312 961; x_wconf 90' lang='lat' dir='ltr'>ut</span> <span class='ocrx_word' id='word_1_24' title='bbox 1330 895 1368 962; x_wconf 86' lang='lat' dir='ltr'>fit</span> <span class='ocrx_word' id='word_1_25' title='bbox 1387 915 1406 960; x_wconf 84' lang='lat' dir='ltr'>a</span> 
     </span>
     <span class='ocr_line' id='line_1_4' title="bbox 292 990 1406 1084; baseline -0.007 -22"><span class='ocrx_word' id='word_1_26' title='bbox 292 999 445 1084; x_wconf 89' lang='lat' dir='ltr'>pluribus</span> <span class='ocrx_word' id='word_1_27' title='bbox 462 999 519 1080; x_wconf 85' lang='lat' dir='ltr'>qui</span> <span class='ocrx_word' id='word_1_28' title='bbox 538 999 583 1062; x_wconf 93' lang='lat' dir='ltr'>ob</span> <span class='ocrx_word' id='word_1_29' title='bbox 600 994 772 1062; x_wconf 67' lang='lat' dir='ltr'>desectum</span> <span class='ocrx_word' id='word_1_30' title='bbox 791 997 1020 1070; x_wconf 83' lang='lat' dir='ltr'>scientiarum,</span> <span class='ocrx_word' id='word_1_31' title='bbox 1040 1014 1079 1058; x_wconf 90' lang='lat' dir='ltr'>ac</span> <span class='ocrx_word' id='word_1_32' title='bbox 1103 990 1319 1058; x_wconf 76' lang='lat' dir='ltr'>intelleiium</span> <span class='ocrx_word' id='word_1_33' title='bbox 1337 1011 1406 1054; x_wconf 90' lang='lat' dir='ltr'>non</span> 
     </span>
     <span class='ocr_line' id='line_1_5' title="bbox 292 1088 1405 1175; baseline -0.007 -18"><span class='ocrx_word' id='word_1_34' title='bbox 292 1103 461 1175; x_wconf 86' lang='lat' dir='ltr'>apertum,</span> <span class='ocrx_word' id='word_1_35' title='bbox 495 1093 538 1155; x_wconf 91' lang='lat' dir='ltr'>de</span> <span class='ocrx_word' id='word_1_36' title='bbox 574 1091 627 1154; x_wconf 88' lang='lat' dir='ltr'>his</span> <span class='ocrx_word' id='word_1_37' title='bbox 662 1111 731 1154; x_wconf 93' lang='lat' dir='ltr'>non</span> <span class='ocrx_word' id='word_1_38' title='bbox 763 1089 982 1154; x_wconf 84' lang='lat' dir='ltr'>rationaliter</span> <span class='ocrx_word' id='word_1_39' title='bbox 1014 1088 1218 1154; x_wconf 87' lang='lat' dir='ltr'>concludere</span> <span class='ocrx_word' id='word_1_40' title='bbox 1250 1095 1405 1170; x_wconf 84' lang='lat' dir='ltr'>possunt.</span> 
     </span>
     <span class='ocr_line' id='line_1_6' title="bbox 294 1187 744 1252; baseline -0.011 0"><span class='ocrx_word' id='word_1_41' title='bbox 294 1187 392 1252; x_wconf 84' lang='lat' dir='ltr'>Haec</span> <span class='ocrx_word' id='word_1_42' title='bbox 411 1188 457 1250; x_wconf 93' lang='lat' dir='ltr'>ibi</span> <span class='ocrx_word' id='word_1_43' title='bbox 477 1187 581 1250; x_wconf 86' lang='lat' dir='ltr'>verba</span> <span class='ocrx_word' id='word_1_44' title='bbox 599 1195 679 1250; x_wconf 88' lang='lat' dir='ltr'>sunt</span> <span class='ocrx_word' id='word_1_45' title='bbox 693 1205 744 1248; x_wconf 77' lang='lat'>2-</span> 
     </span>
    </p>
   </div>
   <div class='ocr_carea' id='block_1_3' title="bbox 292 1327 1405 1486">
    <p class='ocr_par' dir='ltr' id='par_1_3' title="bbox 292 1327 1405 1486">
     <span class='ocr_line' id='line_1_7' title="bbox 346 1327 1405 1402; baseline -0.003 -17"><span class='ocrx_word' id='word_1_46' title='bbox 346 1331 467 1386; x_wconf 81' lang='lat' dir='ltr'>“Velim</span> <span class='ocrx_word' id='word_1_47' title='bbox 479 1347 618 1386; x_wconf 88' lang='lat' dir='ltr'>arcanum</span> <span class='ocrx_word' id='word_1_48' title='bbox 631 1329 783 1402; x_wconf 89' lang='lat' dir='ltr'><strong>quoddam</strong></span> <span class='ocrx_word' id='word_1_49' title='bbox 797 1329 835 1384; x_wconf 88' lang='lat' dir='ltr'>de</span> <span class='ocrx_word' id='word_1_50' title='bbox 844 1329 958 1400; x_wconf 83' lang='lat' dir='ltr'>angelis</span> <span class='ocrx_word' id='word_1_51' title='bbox 970 1329 1061 1383; x_wconf 88' lang='lat' dir='ltr'>trium</span> <span class='ocrx_word' id='word_1_52' title='bbox 1071 1327 1220 1383; x_wconf 85' lang='lat' dir='ltr'>caelorum</span> <span class='ocrx_word' id='word_1_53' title='bbox 1235 1342 1405 1389; x_wconf 84' lang='lat' dir='ltr'>memorare,</span> 
     </span>
     <span class='ocr_line' id='line_1_8' title="bbox 292 1399 1405 1486; baseline -0.004 -29"><span class='ocrx_word' id='word_1_54' title='bbox 292 1403 375 1473; x_wconf 94' lang='lat' dir='ltr'>quod</span> <span class='ocrx_word' id='word_1_55' title='bbox 391 1404 472 1486; x_wconf 83' lang='lat' dir='ltr'>prius</span> <span class='ocrx_word' id='word_1_56' title='bbox 491 1417 551 1456; x_wconf 88' lang='lat' dir='ltr'>non</span> <span class='ocrx_word' id='word_1_57' title='bbox 570 1401 659 1455; x_wconf 86' lang='lat' dir='ltr'>alicui</span> <span class='ocrx_word' id='word_1_58' title='bbox 676 1400 706 1453; x_wconf 94' lang='lat' dir='ltr'>in</span> <span class='ocrx_word' id='word_1_59' title='bbox 722 1410 853 1455; x_wconf 86' lang='lat' dir='ltr'>mentem</span> <span class='ocrx_word' id='word_1_60' title='bbox 868 1399 960 1462; x_wconf 88' lang='lat' dir='ltr'>venit,</span> <span class='ocrx_word' id='word_1_61' title='bbox 973 1399 1044 1470; x_wconf 85' lang='lat' dir='ltr'>quia</span> <span class='ocrx_word' id='word_1_62' title='bbox 1059 1415 1120 1454; x_wconf 93' lang='lat' dir='ltr'>non</span> <span class='ocrx_word' id='word_1_63' title='bbox 1136 1399 1285 1452; x_wconf 87' lang='lat' dir='ltr'>intellexit</span> <span class='ocrx_word' id='word_1_64' title='bbox 1298 1399 1405 1469; x_wconf 76' lang='lat' dir='ltr'>gradus</span> 
     </span>
    </p>
   </div>
   <div class='ocr_carea' id='block_1_4' title="bbox 292 1469 1406 2600">
    <p class='ocr_par' dir='ltr' id='par_1_4' title="bbox 292 1469 1406 2600">
     <span class='ocr_line' id='line_1_9' title="bbox 295 1469 1404 1544; baseline -0.005 -16"><span class='ocrx_word' id='word_1_65' title='bbox 295 1475 470 1544; x_wconf 79' lang='lat' dir='ltr'>(dequibus,</span> <span class='ocrx_word' id='word_1_66' title='bbox 482 1489 509 1526; x_wconf 91' lang='lat' dir='ltr'>n.</span> <span class='ocrx_word' id='word_1_67' title='bbox 521 1472 565 1540; x_wconf 80' lang='lat'>38)</span> <span class='ocrx_word' id='word_1_68' title='bbox 577 1489 583 1534; x_wconf 91' lang='lat'>;</span> <span class='ocrx_word' id='word_1_69' title='bbox 598 1471 679 1541; x_wconf 92' lang='lat' dir='ltr'>quod</span> <span class='ocrx_word' id='word_1_70' title='bbox 690 1487 798 1541; x_wconf 84' lang='lat' dir='ltr'>nempe</span> <span class='ocrx_word' id='word_1_71' title='bbox 806 1470 887 1540; x_wconf 86' lang='lat' dir='ltr'>apud</span> <span class='ocrx_word' id='word_1_72' title='bbox 898 1470 1127 1540; x_wconf 85' lang='lat' dir='ltr'>unumquemvis</span> <span class='ocrx_word' id='word_1_73' title='bbox 1136 1469 1284 1540; x_wconf 81' lang='lat' dir='ltr'>angelum,</span> <span class='ocrx_word' id='word_1_74' title='bbox 1292 1479 1324 1523; x_wconf 90' lang='lat' dir='ltr'>et</span> <span class='ocrx_word' id='word_1_75' title='bbox 1333 1483 1404 1538; x_wconf 92' lang='lat' dir='ltr'>quo·</span> 
     </span>
     <span class='ocr_line' id='line_1_10' title="bbox 292 1539 1405 1614; baseline -0.004 -16"><span class='ocrx_word' id='word_1_76' title='bbox 292 1559 350 1614; x_wconf 87' lang='lat' dir='ltr'>que</span> <span class='ocrx_word' id='word_1_77' title='bbox 365 1545 444 1614; x_wconf 86' lang='lat' dir='ltr'>apud</span> <span class='ocrx_word' id='word_1_78' title='bbox 461 1539 691 1611; x_wconf 88' lang='lat' dir='ltr'>unumquemvis</span> <span class='ocrx_word' id='word_1_79' title='bbox 706 1541 860 1596; x_wconf 88' lang='lat' dir='ltr'>hominem</span> <span class='ocrx_word' id='word_1_80' title='bbox 876 1541 916 1594; x_wconf 92' lang='lat' dir='ltr'>sit</span> <span class='ocrx_word' id='word_1_81' title='bbox 930 1540 1040 1612; x_wconf 79' lang='lat' dir='ltr'>gradus</span> <span class='ocrx_word' id='word_1_82' title='bbox 1056 1541 1179 1594; x_wconf 89' lang='lat' dir='ltr'>intimus</span> <span class='ocrx_word' id='word_1_83' title='bbox 1193 1549 1224 1594; x_wconf 88' lang='lat' dir='ltr'>et</span> <span class='ocrx_word' id='word_1_84' title='bbox 1242 1555 1405 1609; x_wconf 89' lang='lat' dir='ltr'>supremus,</span> 
     </span>
     <span class='ocr_line' id='line_1_11' title="bbox 293 1607 1405 1682; baseline -0.004 -15"><span class='ocrx_word' id='word_1_85' title='bbox 293 1629 344 1668; x_wconf 87' lang='lat' dir='ltr'>seu</span> <span class='ocrx_word' id='word_1_86' title='bbox 359 1613 498 1666; x_wconf 89' lang='lat' dir='ltr'>intimum</span> <span class='ocrx_word' id='word_1_87' title='bbox 511 1623 542 1666; x_wconf 91' lang='lat' dir='ltr'>et</span> <span class='ocrx_word' id='word_1_88' title='bbox 555 1627 726 1681; x_wconf 90' lang='lat' dir='ltr'>supremum</span> <span class='ocrx_word' id='word_1_89' title='bbox 739 1611 902 1682; x_wconf 88' lang='lat' dir='ltr'><strong>quoddam,</strong></span> <span class='ocrx_word' id='word_1_90' title='bbox 916 1611 945 1665; x_wconf 93' lang='lat' dir='ltr'>in</span> <span class='ocrx_word' id='word_1_91' title='bbox 958 1611 1040 1681; x_wconf 91' lang='lat' dir='ltr'>quod</span> <span class='ocrx_word' id='word_1_92' title='bbox 1055 1609 1197 1665; x_wconf 90' lang='lat' dir='ltr'>Divinum</span> <span class='ocrx_word' id='word_1_93' title='bbox 1212 1607 1334 1663; x_wconf 89' lang='lat' dir='ltr'>Domini</span> <span class='ocrx_word' id='word_1_94' title='bbox 1349 1609 1405 1679; x_wconf 89' lang='lat' dir='ltr'>pri·</span> 
     </span>
     <span class='ocr_line' id='line_1_12' title="bbox 294 1681 1405 1754; baseline -0.001 -18"><span class='ocrx_word' id='word_1_95' title='bbox 294 1699 375 1737; x_wconf 89' lang='lat' dir='ltr'>mum</span> <span class='ocrx_word' id='word_1_96' title='bbox 389 1693 441 1737; x_wconf 86' lang='lat' dir='ltr'>aut</span> <span class='ocrx_word' id='word_1_97' title='bbox 454 1683 588 1754; x_wconf 88' lang='lat' dir='ltr'>proxime</span> <span class='ocrx_word' id='word_1_98' title='bbox 602 1681 708 1744; x_wconf 89' lang='lat' dir='ltr'>influit,</span> <span class='ocrx_word' id='word_1_99' title='bbox 721 1692 802 1736; x_wconf 85' lang='lat' dir='ltr'>etex</span> <span class='ocrx_word' id='word_1_100' title='bbox 835 1697 876 1736; x_wconf 94' lang='lat' dir='ltr'>uo</span> <span class='ocrx_word' id='word_1_101' title='bbox 889 1681 1024 1751; x_wconf 86' lang='lat' dir='ltr'>disponit</span> <span class='ocrx_word' id='word_1_102' title='bbox 1039 1681 1153 1752; x_wconf 84' lang='lat' dir='ltr'>reliqua</span> <span class='ocrx_word' id='word_1_103' title='bbox 1168 1681 1318 1743; x_wconf 89' lang='lat' dir='ltr'>interiora,</span> <span class='ocrx_word' id='word_1_104' title='bbox 1331 1695 1405 1751; x_wconf 86' lang='lat' dir='ltr'>quae</span> 
     </span>
     <span class='ocr_line' id='line_1_13' title="bbox 293 1697 1405 1824; baseline -0.004 -15"><span class='ocrx_word' id='word_1_105' title='bbox 293 1755 457 1809; x_wconf 83' lang='lat' dir='ltr'>secundum</span> <span class='ocrx_word' id='word_1_106' title='bbox 470 1754 579 1824; x_wconf 81' lang='lat' dir='ltr'>gradus</span> <span class='ocrx_word' id='word_1_107' title='bbox 591 1753 705 1808; x_wconf 79' lang='lat' dir='ltr'>ordinis</span> <span class='ocrx_word' id='word_1_108' title='bbox 718 1753 798 1824; x_wconf 84' lang='lat' dir='ltr'>apud</span> <span class='ocrx_word' id='word_1_109' title='bbox 814 1697 885 1807; x_wconf 54' lang='lat' dir='ltr'>illos</span> <span class='ocrx_word' id='word_1_110' title='bbox 897 1753 1074 1806; x_wconf 84' lang='lat' dir='ltr'>succedunt.</span> <span class='ocrx_word' id='word_1_111' title='bbox 1112 1751 1180 1806; x_wconf 86' lang='lat' dir='ltr'>Hoc</span> <span class='ocrx_word' id='word_1_112' title='bbox 1199 1751 1338 1806; x_wconf 88' lang='lat' dir='ltr'>intimum</span> <span class='ocrx_word' id='word_1_113' title='bbox 1353 1767 1405 1806; x_wconf 86' lang='lat' dir='ltr'>seu</span> 
     </span>
     <span class='ocr_line' id='line_1_14' title="bbox 293 1821 1405 1895; baseline -0.004 -16"><span class='ocrx_word' id='word_1_114' title='bbox 293 1841 465 1895; x_wconf 89' lang='lat' dir='ltr'>supremum</span> <span class='ocrx_word' id='word_1_115' title='bbox 479 1823 578 1878; x_wconf 90' lang='lat' dir='ltr'>vocari</span> <span class='ocrx_word' id='word_1_116' title='bbox 598 1833 698 1892; x_wconf 89' lang='lat' dir='ltr'>potest</span> <span class='ocrx_word' id='word_1_117' title='bbox 711 1823 852 1877; x_wconf 89' lang='lat' dir='ltr'>introitus</span> <span class='ocrx_word' id='word_1_118' title='bbox 869 1821 992 1878; x_wconf 85' lang='lat' dir='ltr'>Domini</span> <span class='ocrx_word' id='word_1_119' title='bbox 1007 1823 1045 1877; x_wconf 88' lang='lat' dir='ltr'>ad</span> <span class='ocrx_word' id='word_1_120' title='bbox 1061 1824 1200 1894; x_wconf 82' lang='lat' dir='ltr'>angelum</span> <span class='ocrx_word' id='word_1_121' title='bbox 1214 1831 1245 1875; x_wconf 91' lang='lat' dir='ltr'>et</span> <span class='ocrx_word' id='word_1_122' title='bbox 1259 1823 1297 1876; x_wconf 85' lang='lat' dir='ltr'>ad</span> <span class='ocrx_word' id='word_1_123' title='bbox 1311 1821 1405 1876; x_wconf 89' lang='lat' dir='ltr'>homi·</span> 
     </span>
     <span class='ocr_line' id='line_1_15' title="bbox 294 1891 1405 1964; baseline -0.002 -16"><span class='ocrx_word' id='word_1_124' title='bbox 294 1911 370 1957; x_wconf 87' lang='lat' dir='ltr'>nem,</span> <span class='ocrx_word' id='word_1_125' title='bbox 381 1911 416 1949; x_wconf 92' lang='lat' dir='ltr'>ac</span> <span class='ocrx_word' id='word_1_126' title='bbox 433 1895 611 1964; x_wconf 90' lang='lat' dir='ltr'>ipsissimum</span> <span class='ocrx_word' id='word_1_127' title='bbox 628 1893 724 1962; x_wconf 85' lang='lat' dir='ltr'>Ipsius</span> <span class='ocrx_word' id='word_1_128' title='bbox 738 1891 922 1947; x_wconf 90' lang='lat' dir='ltr'>domicilium</span> <span class='ocrx_word' id='word_1_129' title='bbox 935 1894 1013 1964; x_wconf 89' lang='lat' dir='ltr'>apud</span> <span class='ocrx_word' id='word_1_130' title='bbox 1030 1893 1106 1947; x_wconf 89' lang='lat' dir='ltr'>illos.</span> <span class='ocrx_word' id='word_1_131' title='bbox 1133 1891 1190 1948; x_wconf 90' lang='lat' dir='ltr'>Per</span> <span class='ocrx_word' id='word_1_132' title='bbox 1200 1893 1259 1946; x_wconf 89' lang='lat' dir='ltr'>hoc</span> <span class='ocrx_word' id='word_1_133' title='bbox 1269 1891 1405 1946; x_wconf 90' lang='lat' dir='ltr'>intimum</span> 
     </span>
     <span class='ocr_line' id='line_1_16' title="bbox 293 1961 1405 2035; baseline -0.002 -15"><span class='ocrx_word' id='word_1_134' title='bbox 293 1976 345 2020; x_wconf 88' lang='lat' dir='ltr'>aut</span> <span class='ocrx_word' id='word_1_135' title='bbox 359 1981 529 2035; x_wconf 87' lang='lat' dir='ltr'>supremum</span> <span class='ocrx_word' id='word_1_136' title='bbox 546 1965 638 2018; x_wconf 89' lang='lat' dir='ltr'>horno</span> <span class='ocrx_word' id='word_1_137' title='bbox 653 1975 699 2018; x_wconf 85' lang='lat' dir='ltr'>est</span> <span class='ocrx_word' id='word_1_138' title='bbox 714 1965 815 2025; x_wconf 88' lang='lat' dir='ltr'>homo,</span> <span class='ocrx_word' id='word_1_139' title='bbox 828 1974 859 2017; x_wconf 89' lang='lat' dir='ltr'>et</span> <span class='ocrx_word' id='word_1_140' title='bbox 871 1963 1096 2034; x_wconf 82' lang='lat' dir='ltr'>distinguitura</span> <span class='ocrx_word' id='word_1_141' title='bbox 1110 1963 1207 2018; x_wconf 86' lang='lat' dir='ltr'>brutis</span> <span class='ocrx_word' id='word_1_142' title='bbox 1221 1961 1405 2026; x_wconf 84' lang='lat' dir='ltr'>animalibus,</span> 
     </span>
     <span class='ocr_line' id='line_1_17' title="bbox 294 2033 1406 2104; baseline -0.004 -14"><span class='ocrx_word' id='word_1_143' title='bbox 294 2052 362 2090; x_wconf 88' lang='lat' dir='ltr'>nam</span> <span class='ocrx_word' id='word_1_144' title='bbox 371 2036 445 2090; x_wconf 88' lang='lat' dir='ltr'>haee</span> <span class='ocrx_word' id='word_1_145' title='bbox 458 2036 531 2090; x_wconf 88' lang='lat' dir='ltr'>illud</span> <span class='ocrx_word' id='word_1_146' title='bbox 544 2050 604 2088; x_wconf 90' lang='lat' dir='ltr'>non</span> <span class='ocrx_word' id='word_1_147' title='bbox 615 2035 735 2090; x_wconf 87' lang='lat' dir='ltr'>habent.</span> <span class='ocrx_word' id='word_1_148' title='bbox 772 2033 846 2088; x_wconf 89' lang='lat' dir='ltr'>lnde</span> <span class='ocrx_word' id='word_1_149' title='bbox 855 2035 1001 2104; x_wconf 76' lang='lat' dir='ltr'>estquod</span> <span class='ocrx_word' id='word_1_150' title='bbox 1012 2035 1205 2096; x_wconf 67' lang='lat' dir='ltr'>hordesceos</span> <span class='ocrx_word' id='word_1_151' title='bbox 1215 2048 1250 2087; x_wconf 85' lang='lat' dir='ltr'>ac</span> <span class='ocrx_word' id='word_1_152' title='bbox 1259 2033 1406 2095; x_wconf 85' lang='lat' dir='ltr'>animalia,</span> 
     </span>
     <span class='ocr_line' id='line_1_18' title="bbox 294 2103 1406 2190; baseline -0.004 -28"><span class='ocrx_word' id='word_1_153' title='bbox 294 2107 388 2178; x_wconf 84' lang='lat' dir='ltr'>possit</span> <span class='ocrx_word' id='word_1_154' title='bbox 397 2107 496 2190; x_wconf 85' lang='lat' dir='ltr'>quoad</span> <span class='ocrx_word' id='word_1_155' title='bbox 504 2105 606 2160; x_wconf 87' lang='lat' dir='ltr'>omnia</span> <span class='ocrx_word' id='word_1_156' title='bbox 619 2105 767 2166; x_wconf 78' lang='lat' dir='ltr'>interiora,</span> <span class='ocrx_word' id='word_1_157' title='bbox 777 2119 854 2176; x_wconf 88' lang='lat' dir='ltr'>quae</span> <span class='ocrx_word' id='word_1_158' title='bbox 863 2116 935 2159; x_wconf 88' lang='lat' dir='ltr'>sunt</span> <span class='ocrx_word' id='word_1_159' title='bbox 948 2105 1057 2159; x_wconf 87' lang='lat' dir='ltr'>mentis</span> <span class='ocrx_word' id='word_1_160' title='bbox 1069 2115 1101 2158; x_wconf 87' lang='lat' dir='ltr'>et</span> <span class='ocrx_word' id='word_1_161' title='bbox 1109 2105 1202 2158; x_wconf 86' lang='lat' dir='ltr'>animi</span> <span class='ocrx_word' id='word_1_162' title='bbox 1215 2104 1289 2174; x_wconf 84' lang='lat' dir='ltr'>ejus,</span> <span class='ocrx_word' id='word_1_163' title='bbox 1299 2103 1406 2158; x_wconf 87' lang='lat' dir='ltr'>elevari</span> 
     </span>
     <span class='ocr_line' id='line_1_19' title="bbox 292 2171 1406 2246; baseline -0.003 -15"><span class='ocrx_word' id='word_1_164' title='bbox 292 2193 310 2231; x_wconf 89' lang='lat' dir='ltr'>a</span> <span class='ocrx_word' id='word_1_165' title='bbox 324 2175 455 2231; x_wconf 78' lang='lat' dir='ltr'>Domino</span> <span class='ocrx_word' id='word_1_166' title='bbox 467 2177 504 2230; x_wconf 92' lang='lat' dir='ltr'>ad</span> <span class='ocrx_word' id='word_1_167' title='bbox 522 2175 568 2238; x_wconf 87' lang='lat' dir='ltr'>Se,</span> <span class='ocrx_word' id='word_1_168' title='bbox 583 2175 677 2246; x_wconf 87' lang='lat' dir='ltr'>possit</span> <span class='ocrx_word' id='word_1_169' title='bbox 690 2177 810 2231; x_wconf 88' lang='lat' dir='ltr'>credere</span> <span class='ocrx_word' id='word_1_170' title='bbox 824 2175 854 2228; x_wconf 93' lang='lat' dir='ltr'>in</span> <span class='ocrx_word' id='word_1_171' title='bbox 870 2171 980 2244; x_wconf 89' lang='lat' dir='ltr'>Ipsum,</span> <span class='ocrx_word' id='word_1_172' title='bbox 994 2173 1070 2229; x_wconf 88' lang='lat' dir='ltr'>affici</span> <span class='ocrx_word' id='word_1_173' title='bbox 1086 2190 1187 2229; x_wconf 89' lang='lat' dir='ltr'>amore</span> <span class='ocrx_word' id='word_1_174' title='bbox 1206 2173 1235 2227; x_wconf 93' lang='lat' dir='ltr'>in</span> <span class='ocrx_word' id='word_1_175' title='bbox 1253 2173 1363 2244; x_wconf 85' lang='lat' dir='ltr'>lpsum,</span> <span class='ocrx_word' id='word_1_176' title='bbox 1377 2183 1406 2228; x_wconf 87' lang='lat' dir='ltr'>et</span> 
     </span>
     <span class='ocr_line' id='line_1_20' title="bbox 292 2245 1406 2317; baseline -0.003 -16"><span class='ocrx_word' id='word_1_177' title='bbox 292 2247 336 2302; x_wconf 84' lang='lat' dir='ltr'>sic</span> <span class='ocrx_word' id='word_1_178' title='bbox 347 2248 449 2301; x_wconf 85' lang='lat' dir='ltr'>videre</span> <span class='ocrx_word' id='word_1_179' title='bbox 466 2247 576 2317; x_wconf 84' lang='lat' dir='ltr'>ipsum,</span> <span class='ocrx_word' id='word_1_180' title='bbox 589 2255 621 2300; x_wconf 89' lang='lat' dir='ltr'>et</span> <span class='ocrx_word' id='word_1_181' title='bbox 638 2245 719 2315; x_wconf 89' lang='lat' dir='ltr'>quod</span> <span class='ocrx_word' id='word_1_182' title='bbox 739 2247 833 2315; x_wconf 85' lang='lat' dir='ltr'>possit</span> <span class='ocrx_word' id='word_1_183' title='bbox 848 2245 981 2314; x_wconf 88' lang='lat' dir='ltr'>recipere</span> <span class='ocrx_word' id='word_1_184' title='bbox 1000 2245 1228 2315; x_wconf 84' lang='lat' dir='ltr'>intelligentiam</span> <span class='ocrx_word' id='word_1_185' title='bbox 1246 2255 1277 2299; x_wconf 90' lang='lat' dir='ltr'>et</span> <span class='ocrx_word' id='word_1_186' title='bbox 1291 2246 1406 2314; x_wconf 86' lang='lat' dir='ltr'>sapien·</span> 
     </span>
     <span class='ocr_line' id='line_1_21' title="bbox 293 2315 1406 2386; baseline -0.002 -14"><span class='ocrx_word' id='word_1_187' title='bbox 293 2318 374 2380; x_wconf 87' lang='lat' dir='ltr'>tiam,</span> <span class='ocrx_word' id='word_1_188' title='bbox 387 2328 418 2372; x_wconf 86' lang='lat' dir='ltr'>et</span> <span class='ocrx_word' id='word_1_189' title='bbox 431 2318 512 2386; x_wconf 91' lang='lat' dir='ltr'>loqui</span> <span class='ocrx_word' id='word_1_190' title='bbox 532 2333 569 2372; x_wconf 84' lang='lat' dir='ltr'>ex</span> <span class='ocrx_word' id='word_1_191' title='bbox 582 2317 714 2378; x_wconf 82' lang='lat' dir='ltr'>ratione;</span> <span class='ocrx_word' id='word_1_192' title='bbox 733 2316 803 2371; x_wconf 91' lang='lat' dir='ltr'>inde</span> <span class='ocrx_word' id='word_1_193' title='bbox 815 2330 935 2386; x_wconf 91' lang='lat' dir='ltr'>quoque</span> <span class='ocrx_word' id='word_1_194' title='bbox 948 2325 995 2370; x_wconf 86' lang='lat' dir='ltr'>est</span> <span class='ocrx_word' id='word_1_195' title='bbox 1007 2315 1088 2385; x_wconf 92' lang='lat' dir='ltr'>quod</span> <span class='ocrx_word' id='word_1_196' title='bbox 1101 2316 1184 2370; x_wconf 88' lang='lat' dir='ltr'>vivat</span> <span class='ocrx_word' id='word_1_197' title='bbox 1199 2315 1229 2368; x_wconf 90' lang='lat' dir='ltr'>in</span> <span class='ocrx_word' id='word_1_198' title='bbox 1245 2325 1406 2370; x_wconf 87' lang='lat' dir='ltr'>aeternum.</span> 
     </span>
     <span class='ocr_line' id='line_1_22' title="bbox 293 2385 1406 2470; baseline -0.003 -29"><span class='ocrx_word' id='word_1_199' title='bbox 293 2387 373 2470; x_wconf 67' lang='lat' dir='ltr'>Quid</span> <span class='ocrx_word' id='word_1_200' title='bbox 392 2399 493 2442; x_wconf 88' lang='lat' dir='ltr'>autem</span> <span class='ocrx_word' id='word_1_201' title='bbox 512 2387 682 2456; x_wconf 89' lang='lat' dir='ltr'>disponitur</span> <span class='ocrx_word' id='word_1_202' title='bbox 697 2397 727 2440; x_wconf 92' lang='lat' dir='ltr'>et</span> <span class='ocrx_word' id='word_1_203' title='bbox 746 2387 920 2456; x_wconf 88' lang='lat' dir='ltr'>providetur</span> <span class='ocrx_word' id='word_1_204' title='bbox 934 2401 952 2440; x_wconf 85' lang='lat' dir='ltr'>a</span> <span class='ocrx_word' id='word_1_205' title='bbox 971 2385 1102 2440; x_wconf 91' lang='lat' dir='ltr'>Domino</span> <span class='ocrx_word' id='word_1_206' title='bbox 1118 2386 1148 2439; x_wconf 94' lang='lat' dir='ltr'>in</span> <span class='ocrx_word' id='word_1_207' title='bbox 1163 2402 1200 2441; x_wconf 93' lang='lat' dir='ltr'>eo</span> <span class='ocrx_word' id='word_1_208' title='bbox 1217 2385 1332 2448; x_wconf 91' lang='lat' dir='ltr'>intimo,</span> <span class='ocrx_word' id='word_1_209' title='bbox 1348 2401 1406 2439; x_wconf 92' lang='lat' dir='ltr'>non</span> 
     </span>
     <span class='ocr_line' id='line_1_23' title="bbox 294 2455 1406 2530; baseline -0.001 -19"><span class='ocrx_word' id='word_1_210' title='bbox 294 2457 391 2511; x_wconf 89' lang='lat' dir='ltr'>miluit</span> <span class='ocrx_word' id='word_1_211' title='bbox 413 2457 569 2512; x_wconf 83' lang='lat' dir='ltr'>maniieste</span> <span class='ocrx_word' id='word_1_212' title='bbox 593 2457 622 2511; x_wconf 89' lang='lat' dir='ltr'>in</span> <span class='ocrx_word' id='word_1_213' title='bbox 645 2471 732 2526; x_wconf 88' lang='lat' dir='ltr'>perce</span> <span class='ocrx_word' id='word_1_214' title='bbox 754 2457 867 2512; x_wconf 88' lang='lat' dir='ltr'>tionem</span> <span class='ocrx_word' id='word_1_215' title='bbox 886 2455 1012 2528; x_wconf 78' lang='lat' dir='ltr'>alicujus</span> <span class='ocrx_word' id='word_1_216' title='bbox 1033 2457 1139 2530; x_wconf 79' lang='lat' dir='ltr'>angeli,</span> <span class='ocrx_word' id='word_1_217' title='bbox 1159 2456 1230 2527; x_wconf 87' lang='lat' dir='ltr'>quia</span> <span class='ocrx_word' id='word_1_218' title='bbox 1250 2465 1297 2510; x_wconf 85' lang='lat' dir='ltr'>est</span> <span class='ocrx_word' id='word_1_219' title='bbox 1318 2471 1406 2526; x_wconf 85' lang='lat' dir='ltr'>supra</span> 
     </span>
     <span class='ocr_line' id='line_1_24' title="bbox 292 2527 1061 2600; baseline -0.005 -16"><span class='ocrx_word' id='word_1_220' title='bbox 292 2529 357 2598; x_wconf 85' lang='lat' dir='ltr'>ejus</span> <span class='ocrx_word' id='word_1_221' title='bbox 368 2529 592 2600; x_wconf 79' lang='lat' dir='ltr'>cogitationem,</span> <span class='ocrx_word' id='word_1_222' title='bbox 605 2537 637 2582; x_wconf 87' lang='lat' dir='ltr'>et</span> <span class='ocrx_word' id='word_1_223' title='bbox 649 2543 721 2582; x_wconf 84' lang='lat' dir='ltr'>exce</span> <span class='ocrx_word' id='word_1_224' title='bbox 745 2527 768 2582; x_wconf 90' lang='lat' dir='ltr'>it</span> <span class='ocrx_word' id='word_1_225' title='bbox 780 2527 846 2598; x_wconf 86' lang='lat' dir='ltr'>ejus</span> <span class='ocrx_word' id='word_1_226' title='bbox 858 2527 1061 2596; x_wconf 84' lang='lat' dir='ltr'>sapientiam.&#39;’</span> 
     </span>
    </p>
   </div>
   <div class='ocr_carea' id='block_1_5' title="bbox 293 2677 1408 4652">
    <p class='ocr_par' dir='ltr' id='par_1_5' title="bbox 293 2677 1407 3518">
     <span class='ocr_line' id='line_1_25' title="bbox 344 2677 1407 2761; baseline -0.002 -19"><span class='ocrx_word' id='word_1_227' title='bbox 344 2679 460 2761; x_wconf 68' lang='grc'><strong>436.</strong></span> <span class='ocrx_word' id='word_1_228' title='bbox 490 2678 592 2760; x_wconf 83' lang='lat' dir='ltr'>Quod</span> <span class='ocrx_word' id='word_1_229' title='bbox 608 2678 713 2742; x_wconf 90' lang='lat' dir='ltr'>homo</span> <span class='ocrx_word' id='word_1_230' title='bbox 728 2677 773 2742; x_wconf 91' lang='lat' dir='ltr'>sit</span> <span class='ocrx_word' id='word_1_231' title='bbox 792 2678 930 2759; x_wconf 89' lang='lat' dir='ltr'>spiritus</span> <span class='ocrx_word' id='word_1_232' title='bbox 948 2677 1061 2760; x_wconf 85' lang='lat' dir='ltr'>quoad</span> <span class='ocrx_word' id='word_1_233' title='bbox 1079 2677 1241 2742; x_wconf 87' lang='lat' dir='ltr'>interiora</span> <span class='ocrx_word' id='word_1_234' title='bbox 1259 2697 1329 2754; x_wconf 89' lang='lat' dir='ltr'>sua,</span> <span class='ocrx_word' id='word_1_235' title='bbox 1346 2679 1407 2742; x_wconf 88' lang='lat' dir='ltr'>da·</span> 
     </span>
     <span class='ocr_line' id='line_1_26' title="bbox 294 2773 1407 2855; baseline -0.002 -17"><span class='ocrx_word' id='word_1_236' title='bbox 294 2789 366 2838; x_wconf 91' lang='lat' dir='ltr'>tum</span> <span class='ocrx_word' id='word_1_237' title='bbox 383 2785 436 2836; x_wconf 91' lang='lat' dir='ltr'>est</span> <span class='ocrx_word' id='word_1_238' title='bbox 454 2775 534 2836; x_wconf 89' lang='lat' dir='ltr'>mihi</span> <span class='ocrx_word' id='word_1_239' title='bbox 551 2775 637 2837; x_wconf 90' lang='lat' dir='ltr'>scire</span> <span class='ocrx_word' id='word_1_240' title='bbox 653 2773 867 2854; x_wconf 88' lang='lat' dir='ltr'>permultam</span> <span class='ocrx_word' id='word_1_241' title='bbox 880 2773 1143 2854; x_wconf 85' lang='lat' dir='ltr'>experientiam,</span> <span class='ocrx_word' id='word_1_242' title='bbox 1157 2793 1258 2855; x_wconf 87' lang='lat' dir='ltr'>quam</span> <span class='ocrx_word' id='word_1_243' title='bbox 1270 2791 1407 2836; x_wconf 89' lang='lat' dir='ltr'>omnem</span> 
     </span>
     <span class='ocr_line' id='line_1_27' title="bbox 294 2865 1407 2949; baseline -0.002 -17"><span class='ocrx_word' id='word_1_244' title='bbox 294 2871 321 2932; x_wconf 89' lang='lat' dir='ltr'>si</span> <span class='ocrx_word' id='word_1_245' title='bbox 342 2868 559 2943; x_wconf 87' lang='lat' dir='ltr'>adducerem,</span> <span class='ocrx_word' id='word_1_246' title='bbox 581 2865 778 2949; x_wconf 66' lang='lat' dir='ltr'>stimpleret,</span> <span class='ocrx_word' id='word_1_247' title='bbox 798 2867 886 2930; x_wconf 89' lang='lat' dir='ltr'>sicut</span> <span class='ocrx_word' id='word_1_248' title='bbox 912 2868 1046 2944; x_wconf 89' lang='lat' dir='ltr'>dicitur,</span> <span class='ocrx_word' id='word_1_249' title='bbox 1066 2868 1294 2932; x_wconf 85' lang='lat' dir='ltr'>membranas.</span> <span class='ocrx_word' id='word_1_250' title='bbox 1338 2867 1407 2932; x_wconf 92' lang='lat' dir='ltr'>Lo·</span> 
     </span>
     <span class='ocr_line' id='line_1_28' title="bbox 294 2961 1407 3044; baseline -0.001 -17"><span class='ocrx_word' id='word_1_251' title='bbox 294 2973 393 3027; x_wconf 91' lang='lat' dir='ltr'>cutus</span> <span class='ocrx_word' id='word_1_252' title='bbox 411 2983 487 3026; x_wconf 90' lang='lat' dir='ltr'>sum</span> <span class='ocrx_word' id='word_1_253' title='bbox 506 2982 583 3026; x_wconf 92' lang='lat' dir='ltr'>cum</span> <span class='ocrx_word' id='word_1_254' title='bbox 602 2962 775 3044; x_wconf 88' lang='lat' dir='ltr'>spiritibus</span> <span class='ocrx_word' id='word_1_255' title='bbox 793 2970 831 3024; x_wconf 94' lang='lat' dir='ltr'>ut</span> <span class='ocrx_word' id='word_1_256' title='bbox 851 2962 1001 3042; x_wconf 70' lang='lat' dir='ltr'>spiritus</span> <span class='ocrx_word' id='word_1_257' title='bbox 1020 2971 1058 3026; x_wconf 91' lang='lat' dir='ltr'>et</span> <span class='ocrx_word' id='word_1_258' title='bbox 1080 2961 1215 3028; x_wconf 85' lang='lat' dir='ltr'>locutus</span> <span class='ocrx_word' id='word_1_259' title='bbox 1234 2981 1308 3026; x_wconf 89' lang='lat' dir='ltr'>sum</span> <span class='ocrx_word' id='word_1_260' title='bbox 1331 2981 1407 3026; x_wconf 88' lang='lat' dir='ltr'>cum</span> 
     </span>
     <span class='ocr_line' id='line_1_29' title="bbox 293 3055 1407 3138; baseline 0 -16"><span class='ocrx_word' id='word_1_261' title='bbox 293 3057 360 3122; x_wconf 88' lang='lat' dir='ltr'>illis</span> <span class='ocrx_word' id='word_1_262' title='bbox 379 3067 417 3120; x_wconf 93' lang='lat' dir='ltr'>ut</span> <span class='ocrx_word' id='word_1_263' title='bbox 433 3057 537 3120; x_wconf 93' lang='lat' dir='ltr'>homo</span> <span class='ocrx_word' id='word_1_264' title='bbox 556 3057 590 3120; x_wconf 92' lang='lat' dir='ltr'>in</span> <span class='ocrx_word' id='word_1_265' title='bbox 610 3075 775 3138; x_wconf 88' lang='lat' dir='ltr'>corpore;</span> <span class='ocrx_word' id='word_1_266' title='bbox 799 3065 835 3118; x_wconf 93' lang='lat' dir='ltr'>et</span> <span class='ocrx_word' id='word_1_267' title='bbox 854 3075 931 3120; x_wconf 88' lang='lat' dir='ltr'>cum</span> <span class='ocrx_word' id='word_1_268' title='bbox 948 3055 1083 3120; x_wconf 90' lang='lat' dir='ltr'>locutus</span> <span class='ocrx_word' id='word_1_269' title='bbox 1098 3077 1173 3122; x_wconf 92' lang='lat' dir='ltr'>sum</span> <span class='ocrx_word' id='word_1_270' title='bbox 1193 3057 1352 3120; x_wconf 90' lang='lat' dir='ltr'>cumillis</span> <span class='ocrx_word' id='word_1_271' title='bbox 1371 3068 1407 3122; x_wconf 93' lang='lat' dir='ltr'>ut</span> 
     </span>
     <span class='ocr_line' id='line_1_30' title="bbox 294 3149 1406 3236; baseline -0.001 -20"><span class='ocrx_word' id='word_1_272' title='bbox 294 3154 443 3236; x_wconf 86' lang='lat' dir='ltr'>spiritus,</span> <span class='ocrx_word' id='word_1_273' title='bbox 475 3171 545 3214; x_wconf 91' lang='lat' dir='ltr'>non</span> <span class='ocrx_word' id='word_1_274' title='bbox 578 3152 752 3214; x_wconf 84' lang='lat' dir='ltr'>sciverunt</span> <span class='ocrx_word' id='word_1_275' title='bbox 782 3149 883 3214; x_wconf 87' lang='lat' dir='ltr'>aliter</span> <span class='ocrx_word' id='word_1_276' title='bbox 913 3168 1014 3232; x_wconf 88' lang='lat' dir='ltr'>quam</span> <span class='ocrx_word' id='word_1_277' title='bbox 1044 3151 1136 3232; x_wconf 93' lang='lat' dir='ltr'>quod</span> <span class='ocrx_word' id='word_1_278' title='bbox 1166 3152 1239 3234; x_wconf 90' lang='lat' dir='ltr'>ipse</span> <span class='ocrx_word' id='word_1_279' title='bbox 1271 3153 1406 3234; x_wconf 82' lang='lat' dir='ltr'>spiritus</span> 
     </span>
     <span class='ocr_line' id='line_1_31' title="bbox 294 3243 1407 3329; baseline -0.002 -17"><span class='ocrx_word' id='word_1_280' title='bbox 294 3267 417 3322; x_wconf 89' lang='lat' dir='ltr'>essem,</span> <span class='ocrx_word' id='word_1_281' title='bbox 441 3256 477 3310; x_wconf 89' lang='lat' dir='ltr'>et</span> <span class='ocrx_word' id='word_1_282' title='bbox 500 3265 634 3328; x_wconf 89' lang='lat' dir='ltr'>quoque</span> <span class='ocrx_word' id='word_1_283' title='bbox 657 3246 691 3308; x_wconf 89' lang='lat' dir='ltr'>in</span> <span class='ocrx_word' id='word_1_284' title='bbox 713 3244 863 3308; x_wconf 86' lang='lat' dir='ltr'>humana</span> <span class='ocrx_word' id='word_1_285' title='bbox 885 3243 994 3307; x_wconf 83' lang='lat' dir='ltr'>l&#39;orma</span> <span class='ocrx_word' id='word_1_286' title='bbox 1015 3245 1105 3309; x_wconf 90' lang='lat' dir='ltr'>sicut</span> <span class='ocrx_word' id='word_1_287' title='bbox 1126 3245 1198 3324; x_wconf 92' lang='lat' dir='ltr'>illi;</span> <span class='ocrx_word' id='word_1_288' title='bbox 1232 3248 1281 3310; x_wconf 91' lang='lat' dir='ltr'>ita</span> <span class='ocrx_word' id='word_1_289' title='bbox 1302 3267 1407 3329; x_wconf 88' lang='lat' dir='ltr'>appa·</span> 
     </span>
     <span class='ocr_line' id='line_1_32' title="bbox 293 3339 1407 3422; baseline -0.002 -16"><span class='ocrx_word' id='word_1_290' title='bbox 293 3352 433 3406; x_wconf 86' lang='lat' dir='ltr'>ruerunt</span> <span class='ocrx_word' id='word_1_291' title='bbox 457 3341 619 3404; x_wconf 89' lang='lat' dir='ltr'>interiora</span> <span class='ocrx_word' id='word_1_292' title='bbox 642 3359 719 3403; x_wconf 90' lang='lat' dir='ltr'>mea</span> <span class='ocrx_word' id='word_1_293' title='bbox 748 3358 863 3402; x_wconf 85' lang='lat' dir='ltr'>coram</span> <span class='ocrx_word' id='word_1_294' title='bbox 886 3339 965 3414; x_wconf 90' lang='lat' dir='ltr'>illis,</span> <span class='ocrx_word' id='word_1_295' title='bbox 988 3341 1150 3422; x_wconf 89' lang='lat' dir='ltr'>quoniam</span> <span class='ocrx_word' id='word_1_296' title='bbox 1173 3360 1249 3404; x_wconf 91' lang='lat' dir='ltr'>cum</span> <span class='ocrx_word' id='word_1_297' title='bbox 1273 3341 1407 3406; x_wconf 87' lang='lat' dir='ltr'>locutus</span> 
     </span>
     <span class='ocr_line' id='line_1_33' title="bbox 294 3433 1339 3518; baseline 0.001 -19"><span class='ocrx_word' id='word_1_298' title='bbox 294 3455 367 3500; x_wconf 89' lang='lat' dir='ltr'>sum</span> <span class='ocrx_word' id='word_1_299' title='bbox 387 3447 423 3500; x_wconf 94' lang='lat' dir='ltr'>ut</span> <span class='ocrx_word' id='word_1_300' title='bbox 443 3436 592 3516; x_wconf 91' lang='lat' dir='ltr'>spiritus,</span> <span class='ocrx_word' id='word_1_301' title='bbox 613 3433 792 3498; x_wconf 89' lang='lat' dir='ltr'>materiale</span> <span class='ocrx_word' id='word_1_302' title='bbox 811 3453 924 3498; x_wconf 91' lang='lat' dir='ltr'>meum</span> <span class='ocrx_word' id='word_1_303' title='bbox 941 3454 1065 3516; x_wconf 87' lang='lat' dir='ltr'>corpus</span> <span class='ocrx_word' id='word_1_304' title='bbox 1084 3455 1152 3498; x_wconf 92' lang='lat' dir='ltr'>non</span> <span class='ocrx_word' id='word_1_305' title='bbox 1171 3437 1339 3518; x_wconf 91' lang='lat' dir='ltr'>apparuit.</span> 
     </span>
    </p>

    <p class='ocr_par' dir='ltr' id='par_1_6' title="bbox 293 3529 1408 4264">
     <span class='ocr_line' id='line_1_34' title="bbox 357 3529 1408 3614; baseline -0.001 -18"><span class='ocrx_word' id='word_1_306' title='bbox 357 3542 456 3614; x_wconf 72' lang='lat'>437·</span> <span class='ocrx_word' id='word_1_307' title='bbox 486 3529 588 3610; x_wconf 88' lang='lat' dir='ltr'>Quod</span> <span class='ocrx_word' id='word_1_308' title='bbox 604 3529 709 3592; x_wconf 89' lang='lat' dir='ltr'>homo</span> <span class='ocrx_word' id='word_1_309' title='bbox 720 3529 835 3610; x_wconf 90' lang='lat' dir='ltr'>quoad</span> <span class='ocrx_word' id='word_1_310' title='bbox 849 3529 1013 3593; x_wconf 87' lang='lat' dir='ltr'>interiora</span> <span class='ocrx_word' id='word_1_311' title='bbox 1028 3550 1090 3594; x_wconf 90' lang='lat' dir='ltr'>sua</span> <span class='ocrx_word' id='word_1_312' title='bbox 1105 3531 1149 3594; x_wconf 92' lang='lat' dir='ltr'>sit</span> <span class='ocrx_word' id='word_1_313' title='bbox 1165 3532 1313 3613; x_wconf 89' lang='lat' dir='ltr'>spiritus,</span> <span class='ocrx_word' id='word_1_314' title='bbox 1325 3551 1408 3594; x_wconf 92' lang='lat' dir='ltr'>con·</span> 
     </span>
     <span class='ocr_line' id='line_1_35' title="bbox 293 3623 1407 3707; baseline 0.001 -19"><span class='ocrx_word' id='word_1_315' title='bbox 293 3635 385 3688; x_wconf 87' lang='lat' dir='ltr'>stare</span> <span class='ocrx_word' id='word_1_316' title='bbox 405 3635 521 3706; x_wconf 90' lang='lat' dir='ltr'>potest</span> <span class='ocrx_word' id='word_1_317' title='bbox 541 3644 586 3687; x_wconf 86' lang='lat' dir='ltr'>ex</span> <span class='ocrx_word' id='word_1_318' title='bbox 605 3645 658 3698; x_wconf 91' lang='lat' dir='ltr'>eo,</span> <span class='ocrx_word' id='word_1_319' title='bbox 675 3623 766 3705; x_wconf 93' lang='lat' dir='ltr'>quod</span> <span class='ocrx_word' id='word_1_320' title='bbox 786 3632 968 3704; x_wconf 90' lang='lat' dir='ltr'>postquam</span> <span class='ocrx_word' id='word_1_321' title='bbox 986 3635 1181 3706; x_wconf 87' lang='lat' dir='ltr'>separatum</span> <span class='ocrx_word' id='word_1_322' title='bbox 1200 3635 1254 3688; x_wconf 91' lang='lat' dir='ltr'>est</span> <span class='ocrx_word' id='word_1_323' title='bbox 1273 3645 1407 3707; x_wconf 90' lang='lat' dir='ltr'>corpus,</span> 
     </span>
     <span class='ocr_line' id='line_1_36' title="bbox 294 3717 1406 3802; baseline 0 -20"><span class='ocrx_word' id='word_1_324' title='bbox 294 3719 383 3801; x_wconf 93' lang='lat' dir='ltr'>quod</span> <span class='ocrx_word' id='word_1_325' title='bbox 406 3717 444 3782; x_wconf 85' lang='lat' dir='ltr'>fit</span> <span class='ocrx_word' id='word_1_326' title='bbox 467 3737 544 3782; x_wconf 91' lang='lat' dir='ltr'>cum</span> <span class='ocrx_word' id='word_1_327' title='bbox 564 3719 716 3792; x_wconf 89' lang='lat' dir='ltr'>moritur,</span> <span class='ocrx_word' id='word_1_328' title='bbox 736 3737 842 3799; x_wconf 90' lang='lat' dir='ltr'>usque</span> <span class='ocrx_word' id='word_1_329' title='bbox 861 3719 939 3780; x_wconf 94' lang='lat' dir='ltr'>dein</span> <span class='ocrx_word' id='word_1_330' title='bbox 962 3719 1057 3782; x_wconf 86' lang='lat' dir='ltr'>vivat</span> <span class='ocrx_word' id='word_1_331' title='bbox 1076 3718 1180 3782; x_wconf 90' lang='lat' dir='ltr'>homo</span> <span class='ocrx_word' id='word_1_332' title='bbox 1199 3721 1287 3784; x_wconf 86' lang='lat' dir='ltr'>sicut</span> <span class='ocrx_word' id='word_1_333' title='bbox 1305 3723 1406 3802; x_wconf 87' lang='lat' dir='ltr'>prius.</span> 
     </span>
     <span class='ocr_line' id='line_1_37' title="bbox 294 3811 1407 3895; baseline 0 -17"><span class='ocrx_word' id='word_1_334' title='bbox 294 3811 344 3878; x_wconf 95' lang='lat' dir='ltr'>Ut</span> <span class='ocrx_word' id='word_1_335' title='bbox 364 3811 580 3876; x_wconf 87' lang='lat' dir='ltr'>confirmarer</span> <span class='ocrx_word' id='word_1_336' title='bbox 603 3811 636 3876; x_wconf 93' lang='lat' dir='ltr'>in</span> <span class='ocrx_word' id='word_1_337' title='bbox 660 3833 712 3886; x_wconf 89' lang='lat' dir='ltr'>eo,</span> <span class='ocrx_word' id='word_1_338' title='bbox 733 3811 853 3874; x_wconf 90' lang='lat' dir='ltr'>datum</span> <span class='ocrx_word' id='word_1_339' title='bbox 872 3821 926 3876; x_wconf 90' lang='lat' dir='ltr'>est</span> <span class='ocrx_word' id='word_1_340' title='bbox 951 3811 1042 3895; x_wconf 92' lang='lat' dir='ltr'>loqui</span> <span class='ocrx_word' id='word_1_341' title='bbox 1061 3831 1139 3876; x_wconf 88' lang='lat' dir='ltr'>cum</span> <span class='ocrx_word' id='word_1_342' title='bbox 1161 3813 1231 3878; x_wconf 82' lang='lat' dir='ltr'>iere</span> <span class='ocrx_word' id='word_1_343' title='bbox 1249 3815 1407 3880; x_wconf 88' lang='lat' dir='ltr'>omnibus</span> 
     </span>
     <span class='ocr_line' id='line_1_38' title="bbox 294 3906 1407 3990; baseline 0.002 -20"><span class='ocrx_word' id='word_1_344' title='bbox 294 3927 380 3989; x_wconf 88' lang='lat' dir='ltr'>quos</span> <span class='ocrx_word' id='word_1_345' title='bbox 406 3926 547 3989; x_wconf 89' lang='lat' dir='ltr'>usquam</span> <span class='ocrx_word' id='word_1_346' title='bbox 577 3915 681 3970; x_wconf 91' lang='lat' dir='ltr'>notos</span> <span class='ocrx_word' id='word_1_347' title='bbox 711 3906 814 3970; x_wconf 91' lang='lat' dir='ltr'>habui</span> <span class='ocrx_word' id='word_1_348' title='bbox 842 3908 877 3968; x_wconf 91' lang='lat' dir='ltr'>in</span> <span class='ocrx_word' id='word_1_349' title='bbox 905 3908 978 3972; x_wconf 90' lang='lat' dir='ltr'>vita</span> <span class='ocrx_word' id='word_1_350' title='bbox 1003 3909 1155 3990; x_wconf 89' lang='lat' dir='ltr'>corporis</span> <span class='ocrx_word' id='word_1_351' title='bbox 1178 3929 1305 3984; x_wconf 88' lang='lat' dir='ltr'>eorum,</span> <span class='ocrx_word' id='word_1_352' title='bbox 1331 3929 1407 3974; x_wconf 89' lang='lat' dir='ltr'>cum</span> 
     </span>
     <span class='ocr_line' id='line_1_39' title="bbox 293 3999 1408 4084; baseline 0.003 -20"><span class='ocrx_word' id='word_1_353' title='bbox 293 4001 495 4084; x_wconf 89' lang='lat' dir='ltr'>quibusdam</span> <span class='ocrx_word' id='word_1_354' title='bbox 517 4020 578 4082; x_wconf 89' lang='lat' dir='ltr'>per</span> <span class='ocrx_word' id='word_1_355' title='bbox 599 3999 712 4075; x_wconf 89' lang='lat' dir='ltr'>horas,</span> <span class='ocrx_word' id='word_1_356' title='bbox 732 4019 809 4063; x_wconf 89' lang='lat' dir='ltr'>cum</span> <span class='ocrx_word' id='word_1_357' title='bbox 832 4001 1033 4082; x_wconf 90' lang='lat' dir='ltr'>quibusdam</span> <span class='ocrx_word' id='word_1_358' title='bbox 1057 4023 1116 4084; x_wconf 89' lang='lat' dir='ltr'>per</span> <span class='ocrx_word' id='word_1_359' title='bbox 1139 4005 1349 4083; x_wconf 85' lang='lat' dir='ltr'>septimanas</span> <span class='ocrx_word' id='word_1_360' title='bbox 1371 4013 1408 4067; x_wconf 92' lang='lat' dir='ltr'>et</span> 
     </span>
     <span class='ocr_line' id='line_1_40' title="bbox 295 4095 1407 4181; baseline 0.004 -23"><span class='ocrx_word' id='word_1_361' title='bbox 295 4113 441 4170; x_wconf 89' lang='lat' dir='ltr'>menses,</span> <span class='ocrx_word' id='word_1_362' title='bbox 465 4105 501 4158; x_wconf 87' lang='lat' dir='ltr'>et</span> <span class='ocrx_word' id='word_1_363' title='bbox 525 4113 602 4159; x_wconf 90' lang='lat' dir='ltr'>cum</span> <span class='ocrx_word' id='word_1_364' title='bbox 625 4095 826 4176; x_wconf 88' lang='lat' dir='ltr'>quibusdam</span> <span class='ocrx_word' id='word_1_365' title='bbox 849 4113 909 4175; x_wconf 88' lang='lat' dir='ltr'>per</span> <span class='ocrx_word' id='word_1_366' title='bbox 932 4115 1051 4172; x_wconf 90' lang='lat' dir='ltr'>annos,</span> <span class='ocrx_word' id='word_1_367' title='bbox 1075 4107 1112 4161; x_wconf 93' lang='lat' dir='ltr'>et</span> <span class='ocrx_word' id='word_1_368' title='bbox 1138 4096 1204 4162; x_wconf 89' lang='lat' dir='ltr'>hoc</span> <span class='ocrx_word' id='word_1_369' title='bbox 1227 4099 1407 4181; x_wconf 87' lang='lat' dir='ltr'>praecipue</span> 
     </span>
     <span class='ocr_line' id='line_1_41' title="bbox 293 4187 1085 4264; baseline 0.003 -10"><span class='ocrx_word' id='word_1_370' title='bbox 293 4189 338 4254; x_wconf 91' lang='lat' dir='ltr'>ob</span> <span class='ocrx_word' id='word_1_371' title='bbox 356 4208 493 4253; x_wconf 90' lang='lat' dir='ltr'>causam</span> <span class='ocrx_word' id='word_1_372' title='bbox 512 4197 548 4252; x_wconf 91' lang='lat' dir='ltr'>ut</span> <span class='ocrx_word' id='word_1_373' title='bbox 567 4187 797 4264; x_wconf 87' lang='lat' dir='ltr'>confirmarer,</span> <span class='ocrx_word' id='word_1_374' title='bbox 816 4198 853 4252; x_wconf 92' lang='lat' dir='ltr'>et</span> <span class='ocrx_word' id='word_1_375' title='bbox 871 4199 908 4252; x_wconf 90' lang='lat' dir='ltr'>ut</span> <span class='ocrx_word' id='word_1_376' title='bbox 927 4199 1085 4256; x_wconf 84' lang='lat' dir='ltr'>testarer.</span> 
     </span>
    </p>

    <p class='ocr_par' dir='ltr' id='par_1_7' title="bbox 294 4282 1407 4652">
     <span class='ocr_line' id='line_1_42' title="bbox 355 4282 1407 4368; baseline 0.003 -21"><span class='ocrx_word' id='word_1_377' title='bbox 355 4283 456 4366; x_wconf 66' lang='lat'>438·</span> <span class='ocrx_word' id='word_1_378' title='bbox 480 4283 545 4346; x_wconf 87' lang='lat' dir='ltr'>His</span> <span class='ocrx_word' id='word_1_379' title='bbox 560 4282 706 4364; x_wconf 89' lang='lat' dir='ltr'>adjicere</span> <span class='ocrx_word' id='word_1_380' title='bbox 720 4283 813 4359; x_wconf 91' lang='lat' dir='ltr'>licet,</span> <span class='ocrx_word' id='word_1_381' title='bbox 825 4285 916 4366; x_wconf 93' lang='lat' dir='ltr'>quod</span> <span class='ocrx_word' id='word_1_382' title='bbox 933 4287 1160 4368; x_wconf 86' lang='lat' dir='ltr'>unusquisque</span> <span class='ocrx_word' id='word_1_383' title='bbox 1171 4285 1287 4362; x_wconf 89' lang='lat' dir='ltr'>homo,</span> <span class='ocrx_word' id='word_1_384' title='bbox 1300 4288 1407 4352; x_wconf 87' lang='lat' dir='ltr'>etiam</span> 
     </span>
     <span class='ocr_line' id='line_1_43' title="bbox 294 4378 1406 4462; baseline 0.002 -20"><span class='ocrx_word' id='word_1_385' title='bbox 294 4380 374 4442; x_wconf 92' lang='lat' dir='ltr'>dum</span> <span class='ocrx_word' id='word_1_386' title='bbox 397 4379 430 4442; x_wconf 88' lang='lat' dir='ltr'>in</span> <span class='ocrx_word' id='word_1_387' title='bbox 454 4397 596 4460; x_wconf 90' lang='lat' dir='ltr'>corpore</span> <span class='ocrx_word' id='word_1_388' title='bbox 618 4379 716 4454; x_wconf 89' lang='lat' dir='ltr'>vivit,</span> <span class='ocrx_word' id='word_1_389' title='bbox 740 4378 852 4460; x_wconf 89' lang='lat' dir='ltr'>quoad</span> <span class='ocrx_word' id='word_1_390' title='bbox 875 4379 1030 4462; x_wconf 87' lang='lat' dir='ltr'>spiritum</span> <span class='ocrx_word' id='word_1_391' title='bbox 1053 4400 1150 4444; x_wconf 88' lang='lat' dir='ltr'>suum</span> <span class='ocrx_word' id='word_1_392' title='bbox 1173 4382 1218 4445; x_wconf 92' lang='lat' dir='ltr'>sit</span> <span class='ocrx_word' id='word_1_393' title='bbox 1241 4382 1275 4445; x_wconf 94' lang='lat' dir='ltr'>in</span> <span class='ocrx_word' id='word_1_394' title='bbox 1298 4383 1406 4446; x_wconf 88' lang='lat' dir='ltr'>socie-</span> 
     </span>
     <span class='ocr_line' id='line_1_44' title="bbox 294 4472 1406 4557; baseline 0.002 -21"><span class='ocrx_word' id='word_1_395' title='bbox 294 4482 369 4538; x_wconf 87' lang='lat' dir='ltr'>tate</span> <span class='ocrx_word' id='word_1_396' title='bbox 392 4491 469 4539; x_wconf 91' lang='lat' dir='ltr'>cum</span> <span class='ocrx_word' id='word_1_397' title='bbox 492 4472 677 4554; x_wconf 88' lang='lat' dir='ltr'>spiritibus,</span> <span class='ocrx_word' id='word_1_398' title='bbox 698 4474 838 4538; x_wconf 89' lang='lat' dir='ltr'>tametsi</span> <span class='ocrx_word' id='word_1_399' title='bbox 861 4474 894 4538; x_wconf 93' lang='lat' dir='ltr'>id</span> <span class='ocrx_word' id='word_1_400' title='bbox 919 4475 1041 4550; x_wconf 88' lang='lat' dir='ltr'>nescit,</span> <span class='ocrx_word' id='word_1_401' title='bbox 1060 4475 1171 4540; x_wconf 89' lang='lat' dir='ltr'>bonus</span> <span class='ocrx_word' id='word_1_402' title='bbox 1189 4496 1250 4557; x_wconf 91' lang='lat' dir='ltr'>per</span> <span class='ocrx_word' id='word_1_403' title='bbox 1271 4476 1351 4541; x_wconf 87' lang='lat' dir='ltr'>illos</span> <span class='ocrx_word' id='word_1_404' title='bbox 1373 4477 1406 4539; x_wconf 94' lang='lat' dir='ltr'>in</span> 
     </span>
     <span class='ocr_line' id='line_1_45' title="bbox 294 4567 1407 4652; baseline 0.004 -23"><span class='ocrx_word' id='word_1_405' title='bbox 294 4568 459 4632; x_wconf 88' lang='lat' dir='ltr'>societate</span> <span class='ocrx_word' id='word_1_406' title='bbox 475 4567 642 4650; x_wconf 85' lang='lat' dir='ltr'>angelica,</span> <span class='ocrx_word' id='word_1_407' title='bbox 656 4577 691 4632; x_wconf 88' lang='lat' dir='ltr'>et</span> <span class='ocrx_word' id='word_1_408' title='bbox 708 4568 817 4631; x_wconf 89' lang='lat' dir='ltr'>malus</span> <span class='ocrx_word' id='word_1_409' title='bbox 832 4569 865 4632; x_wconf 90' lang='lat' dir='ltr'>in</span> <span class='ocrx_word' id='word_1_410' title='bbox 883 4569 1050 4634; x_wconf 86' lang='lat' dir='ltr'>societate</span> <span class='ocrx_word' id='word_1_411' title='bbox 1068 4570 1242 4648; x_wconf 80' lang='lat' dir='ltr'>infernali;</span> <span class='ocrx_word' id='word_1_412' title='bbox 1266 4579 1301 4635; x_wconf 89' lang='lat' dir='ltr'>et</span> <span class='ocrx_word' id='word_1_413' title='bbox 1316 4569 1407 4652; x_wconf 91' lang='lat' dir='ltr'>quod</span> 
     </span>
    </p>
   </div>
   <div class='ocr_carea' id='block_1_6' title="bbox 0 0 1709 5358">
    <p class='ocr_par' dir='ltr' id='par_1_8' title="bbox 0 0 1709 5358">
     <span class='ocr_line' id='line_1_46' title="bbox 0 0 1709 5358; baseline 0 0"><span class='ocrx_word' id='word_1_414' title='bbox 0 0 1709 5358; x_wconf 95' lang='lat' dir='ltr'> </span> 
     </span>
    </p>
   </div>
  </div>
 </body>
</html>
