3408 5358
475 631 640 685 HOMINIS
662 633 935 688 RESUSCITATIO
959 637 984 686 A
1007 636 1186 690 MORTUlS.
1330 642 1391 708 273

272 803 357 868 Inde
380 812 445 881 est,
469 805 561 888 quod
587 805 734 870 “mors''
756 807 790 871 in
813 807 932 872 Verbo
963 807 998 872 in
1028 829 1130 874 sensu
1157 809 1226 892 ejus
1254 809 1391 875 interno

271 897 442 982 significet
460 899 754 977 resurrectionem,
775 911 811 966 et
829 904 1127 969 continuationem
1147 903 1285 969 vitael·l

334 997 439 1082 446.
470 998 598 1062 Intima
617 1000 884 1065 communicatio
903 1003 1043 1084 spiritus
1066 1012 1120 1066 est
1143 1021 1221 1066 cum
1245 1003 1390 1085 respira·

201 1165 206 1180 ι
270 1092 366 1156 tione
382 1102 418 1156 et
437 1113 515 1156 cum
532 1103 628 1158 motu
647 1094 772 1172 cordis,
789 1096 958 1178 cogitatio
974 1095 1045 1178 ejus
1060 1115 1136 1160 cum
1153 1097 1389 1180 respiratione,

270 1198 306 1250 et
339 1183 475 1252 affed'tio
504 1209 591 1271 quae
620 1191 745 1254 amoris
774 1208 851 1254 cum
885 1189 1042 1271 corde;(⁶l
1075 1203 1283 1276 quapropter
1312 1213 1410 1258 cum.

270 1283 340 1346 bini
365 1282 418 1359 ,illi
448 1295 562 1348 motus
589 1294 728 1348 cessant
758 1285 792 1348 in
822 1305 976 1368 corpore,
1004 1285 1097 1350 illico
1125 1289 1297 1370 separatio
1323 1297 1389 1351 est.

255 1375 357 1440 -Sunt
387 1377 457 1442 bini
485 1379 535 1442 illi
564 1390 690 1457 motus,
715 1399 839 1462 nempe
869 1382 1104 1462 respiratorius
1131 1383 1330 1464 pulmonum
1354 1393 1389 1446 et

270 1473 455 1552 systolicus
478 1475 601 1551 cordis,
622 1476 696 1556 ipsa
713 1475 861 1551 vincula,
881 1477 1001 1558 quibus
1023 1478 1143 1560 ruptis,
1164 1478 1303 1560 spiritus
1325 1479 1388 1542 sibi

270 1566 408 1632 relidius
427 1579 502 1648 est;
526 1579 562 1634 et
582 1589 717 1653 corpus,
738 1571 816 1654 quia
839 1581 921 1634 tunc
941 1571 1069 1654 absque
1088 1573 1161 1636 vita
1179 1575 1317 1654 spiritus
1336 1573 1387 1636 sui

269 1661 518 1746 est‚⁸irigescit
549 1675 585 1729 et
616 1667 793 1748 putrescit.
840 1663 941 1746 Quod
970 1666 1092 1730 intima
1122 1669 1389 1731 communicatio

269 1757 407 1838 spiritus
430 1757 578 1821 hominis
602 1759 646 1822 sit
674 1777 751 1822 cum
774 1761 1002 1840 respiratione
1031 1768 1068 1823 et
1098 1779 1174 1823 cum
1198 1761 1313 1834 corde,
1333 1769 1387 1825 est

269 1852 347 1934 quia
376 1871 496 1918 omnes
521 1853 647 1918 vitales
676 1864 792 1918 motus
821 1855 900 1917 inde
931 1855 1095 1936 pendent,
1120 1875 1189 1919 non
1212 1855 1324 1918 solum
1354 1856 1386 1918 ln

269 1949 452 2022 communi,
473 1947 533 2012 sed
553 1949 658 2013 etiam
677 1948 712 2011 in
730 1949 823 2012 omni
842 1942 980 2030 pariel‘l

330 2055 428 2125 447·
452 2040 596 2124 Spiritus
612 2043 759 2107 hominis
775 2052 855 2125 post
871 2043 1125 2126 separationem
1138 2041 1387 2126 aliquantisper

268 2145 385 2200 manet
409 2137 443 2200 in
466 2157 620 2218 corpore,
641 2137 702 2200 sed
726 2157 794 2200 non
818 2137 944 2201 diutius
963 2155 1064 2220 quam
1089 2138 1132 2200 ad
1155 2138 1385 2202 cessationem

268 2229 414 2294 totalem
438 2232 563 2306 cordis,
583 2233 675 2316 quod
698 2230 737 2296 fit
756 2250 833 2295 cum
856 2232 1026 2296 varietate
1049 2233 1236 2295 secundum
1255 2242 1385 2296 statum

267 2325 377 2388 morbi
408 2347 453 2388 ex
483 2347 551 2410 quo
580 2327 686 2390 homo
715 2327 870 2401 moritur,
895 2343 975 2389 nam
1005 2336 1121 2389 motus
1154 2327 1267 2390 cordis
1296 2330 1385 2410 apud

267 2421 435 2501 quosdam
454 2431 589 2504 perstat
609 2422 677 2497 diu,
697 2432 733 2486 et
753 2421 842 2504 apud
859 2421 1025 2503 quosdam
1045 2441 1115 2483 non
1134 2423 1201 2485 diu.
1246 2421 1298 2486 Ut
1317 2424 1384 2504 pri·

267 2533 360 2578 mum
389 2515 443 2579 hic
473 2526 587 2580 motus
610 2525 736 2591 cessat,
759 2515 865 2579 homo
887 2516 1132 2593 resuscitatur;
1166 2517 1228 2578 sed
1257 2518 1322 2580 hoc
1346 2515 1385 2580 fit

267 2629 287 2672 a
309 2609 384 2673 solo
407 2610 567 2675 Domino.
613 2611 676 2674 Per
697 2611 997 2674 resuscitationem
1020 2609 1227 2692 intelligitur
1249 2609 1385 2675 eductio

266 2704 405 2784 spiritus
421 2704 568 2768 hominis
587 2725 772 2790 acorpore‚
792 2715 828 2769 et
848 2702 1055 2768 introductio
1078 2706 1112 2767 in
1132 2707 1295 2769 mundum
1314 2707 1383 2788 spi·

266 2799 437 2876 ritualem,
462 2801 552 2884 quod
583 2801 812 2864 communiter
840 2808 985 2864 vocatur
1008 2797 1236 2863 Resurrectio.
1281 2798 1383 2882 Quod

197 2888 201 2894 “
266 2913 335 2956 non
354 2895 445 2975 prius
464 2905 641 2977 separetur
657 2895 793 2976 spiritus
808 2893 957 2958 hominis
976 2914 997 2957 a
1015 2913 1168 2976 corpore,
1186 2914 1288 2978 quam
1307 2915 1383 2959 cum

266 2991 415 3052 cessavit
440 2999 556 3052 motus
579 2989 702 3064 cordis,
726 2998 781 3053 est
811 3009 914 3052 causa
941 2989 1020 3070 quia
1048 3009 1108 3052 cor
1136 2986 1383 3071 correspondet

265 3081 435 3147 affectioni
462 3105 549 3166 quae
579 3085 716 3159 amoris,
741 3103 828 3166 quae
858 3093 912 3148 est
943 3085 1017 3164 ipsa
1047 3083 1120 3146 vita
1146 3083 1306 3157 hominis,
1337 3105 1381 3150 ex

266 3198 382 3242 amore
401 3179 492 3242 enim
515 3189 569 3242 est
592 3179 699 3242 cuivis
722 3178 817 3242 calor
834 3173 1010 3241 vitaliszl‘ll
1033 3187 1244 3260 quapropter
1262 3197 1382 3260 quam·

652 3379 701 3430 [tux
714 3388 810 3420 arcam
822 3377 996 3430 emmanuel]

318 3483 361 3550 (a)
387 3479 476 3552 Quod
493 3487 509 3508 ⁴⁴
518 3479 622 3534 mors''
636 3480 666 3532 in
681 3479 782 3534 Verbo
796 3479 945 3550 significet
960 3476 1217 3540 resurrectionem,
1230 3479 1381 3548 quoniam.

264 3568 332 3607 cum
347 3553 474 3607 moritur
487 3551 588 3611 homo,
600 3551 794 3604 continuatur
807 3565 900 3620 usque
912 3549 978 3620 ejus
990 3549 1054 3604 vita
1067 3551 1108 3618 (n.
1120 3549 1197 3619 3498,
1212 3562 1288 3618 3505,
1302 3549 1380 3616 4628,

264 3623 342 3690 4621,
355 3622 433 3692 6036,
446 3621 543 3692 6222[?
555 3621 659 3688 6221]).

318 3744 356 3812 (b)
382 3742 471 3814 Quod
485 3757 537 3796 cor
549 3740 782 3810 correspondeat
790 3740 948 3802 voluntati,
959 3740 1002 3794 ita
1010 3755 1130 3811 quoque
1140 3737 1291 3794 afletlioni
1304 3757 1380 3864 {uae

263 3814 381 3874 amoris.
391 3825 422 3868 et
436 3812 592 3882 respiratio
625 3811 778 3865 ulmonum
793 3809 966 3872 intelleilui,
978 3811 1020 3865 ita
1031 3811 1208 3882 cogitationi
1223 3813 1263 3878 (n.
1277 3811 1310 3879 38
1330 3811 1367 3878 8).

317 3883 407 3956 Quod
422 3883 523 3938 “cor''
537 3883 566 3936 in
609 3883 681 3936 erbo
697 3881 767 3936 inde
782 3881 931 3951 significet
942 3881 1128 3936 voluntatem
1145 3891 1176 3936 et
1191 3897 1324 3936 amorem
1338 3883 1379 3950 (n.

264 3953 555 4036 7542.9050·1033⁶)·
649 4022 655 4035 ,
701 4022 707 4036 ,
799 4022 806 4036 ‚
1311 4022 1317 4036 ,

318 4025 356 4080 Et
374 4025 455 4095 quod
470 4023 617 4078 “amma'’
632 4021 779 4112 signrfioet
798 4019 990 4084 intelleilum,
1006 4021 1095 4077 fidem
1116 4033 1147 4076 et
1164 4038 1284 4084 verum:
1310 4025 1379 4077 rnde

263 4105 325 4152 “ex
339 4096 439 4150 anima
456 4107 488 4150 et
506 4111 542 4149 ex
558 4093 662 4149 corde'
687 4091 834 4164 significat
849 4093 930 4162 quod
946 4109 983 4148 ex
999 4091 1160 4154 intelleilu.
1174 4091 1241 4156 fide,
1255 4109 1334 4156 vero,
1348 4105 1380 4150 et

263 4168 343 4239 quod
357 4183 394 4221 ex
405 4166 572 4226 voluntate,
585 4179 695 4226 amore,
709 4166 790 4218 bono
803 4166 844 4231 (n.
859 4177 939 4232 2930,
952 4169 1043 4233 9050).

318 4237 363 4292 De
378 4236 646 4306 correspondentia
660 4235 759 4289 cordis
775 4244 806 4289 et
823 4234 998 4304 pulmonum
1014 4249 1082 4289 cum
1100 4233 1233 4289 Maximo
1247 4231 1378 4290 Homine

263 4325 315 4364 seu
329 4308 413 4363 caelo
426 4309 466 4376 (n.
480 4305 661 4376 3883-3896).

317 4417 354 4488 (c)
381 4417 469 4490 Quod
484 4417 587 4488 pulsus
599 4415 699 4471 cordis
710 4425 742 4471 et
753 4415 909 4486 respiratio
924 4415 1100 4485 pulmonum
1117 4415 1146 4470 in
1162 4415 1301 4471 universo
1314 4431 1378 4471 cor·

264 4507 336 4562 pore
349 4499 483 4562 regnent,
497 4499 527 4543 et
540 4487 637 4542 ubivis
650 4497 756 4541 mutuo
769 4485 896 4541 influant
910 4488 950 4554 (n.
964 4485 1041 4554 3887,
1056 4486 1132 4554 3889,
1147 4487 1237 4556 3890).

318 4611 365 4674 td)
390 4609 481 4683 Quod
494 4624 578 4664 amor
590 4607 630 4664 sit
639 4623 704 4663 esse
717 4606 797 4662 uitae
810 4605 940 4662 bominis
954 4607 995 4674 (n.
1012 4607 1100 4674 5002).
