3368 5356
556 647 630 698 Lux
656 645 703 698 ΕΤ
721 643 849 698 CALOR
874 645 915 696 IN
937 643 1075 696 essm.
1341 645 1382 714 77

256 829 313 888 est
334 841 422 906 quse
445 819 662 886 determinat.
709 817 827 884 Homo
844 818 952 883 etiam
973 818 1088 903 quoad
1106 817 1263 901 spiritum
1282 839 1381 884 suum

256 915 413 982 similiter
434 935 472 980 se
493 915 610 990 vertit,
629 921 724 978 retro
751 931 774 978 a
802 913 954 979 Domino
970 914 1026 998 qui
1054 915 1090 978 in
1117 935 1235 979 amore
1265 917 1316 980 sui
1344 925 1380 980 et

257 1011 375 1076 mundi
398 1019 466 1087 est,
489 1011 592 1076 etad
616 1009 733 1091 Ipsum
756 1008 870 1091 quiin
894 1027 1012 1074 amore
1034 1009 1069 1072 in
1093 1007 1212 1092 ipsum
1235 1019 1271 1074 et
1295 1029 1382 1093 erga
1438 1087 1440 1091 v

256 1107 451 1190 proximum
463 1115 538 1184 est;
557 1105 618 1170 sed
634 1103 741 1168 homo
755 1103 790 1166 id
807 1103 930 1179 nescit,
944 1105 1023 1187 quia
1038 1103 1072 1166 in
1088 1104 1217 1169 mundo
1233 1105 1382 1169 naturali

257 1212 324 1276 est,
347 1201 404 1266 ubi
434 1200 559 1284 plagae
582 1199 858 1264 determinantur
881 1199 1069 1262 secundum
1092 1198 1176 1262 solis
1199 1207 1315 1264 ortum
1346 1209 1381 1264 et

258 1313 442 1362 occasum:
466 1305 522 1360 ast
537 1294 614 1368 hoc,
626 1295 704 1377 quia
717 1312 821 1375 aegre
837 1294 882 1357 ab
896 1293 1036 1358 homine
1048 1295 1125 1378 capi
1142 1303 1272 1377 potest,
1284 1294 1381 1358 ilius·

258 1391 407 1455 trabitur
432 1391 466 1455 in
494 1389 727 1473 sequentibus,
752 1387 808 1452 ubi
839 1388 883 1452 de
906 1387 1032 1471 Plagis,
1057 1385 1179 1472 Spatio
1209 1399 1246 1454 et
1277 1389 1383 1454 Tem·

259 1505 342 1567 pore
360 1485 395 1549 in
413 1483 532 1560 Caelo,
553 1493 686 1566 agetur.

324 1593 416 1662 114.
446 1577 535 1661 Quia
558 1579 726 1642 Dominus
748 1587 804 1643 est
827 1575 887 1642 Sol
909 1577 1007 1655 caeli,
1027 1586 1064 1643 et
1087 1579 1203 1643 omnis
1221 1578 1382 1662 spettant

260 1674 376 1756 Ipsum
406 1693 493 1757 quae
522 1674 567 1738 ab
596 1673 688 1756 Ipso,
709 1674 787 1738 ideo
812 1674 919 1737 etiam
947 1673 1115 1738 Dominus
1142 1684 1197 1740 est
1224 1685 1383 1740 centrum

259 1787 452 1844 commune,
473 1788 494 1831 a
523 1787 591 1850 quo
613 1767 724 1831 omnis
747 1765 892 1831 direttio
920 1777 958 1832 et
988 1765 1283 1833 determination>
1335 1769 1382 1834 Et

259 1863 340 1927 ideo
358 1883 493 1946 quoque
512 1863 546 1926 in
565 1863 761 1946 praesentia
779 1872 816 1926 et
834 1861 898 1926 sub
912 1863 1065 1945 auspicio
1085 1861 1195 1946 Ipsius
1214 1873 1293 1928 sunt
1308 1883 1383 1929 om·

259 1957 316 2023 nia
336 1979 424 2042 quae
447 1958 534 2022 inira
556 1966 647 2034 sunt,
668 1966 742 2022 tam
765 1977 852 2042 quae
875 1957 909 2022 in
933 1957 1038 2023 caelis
1061 1968 1153 2034 sunt,
1174 1979 1276 2052 quam
1295 1981 1383 2044 quae

259 2053 422 2118 interris.

323 2161 416 2231 125.
445 2147 503 2212 Ex
521 2147 575 2212 his
593 2167 681 2212 nunc
705 2147 740 2211 in
763 2146 908 2212 clariore
930 2146 1008 2212 luce
1026 2148 1135 2212 videri
1154 2156 1301 2231 possunt
1323 2147 1383 2212 illa

259 2261 347 2325 quae
375 2243 412 2306 in
434 2243 630 2327 praemissis
652 2242 805 2308 articulis
828 2243 871 2306 de
895 2242 1047 2307 Domino
1069 2241 1162 2308 ditia
1184 2252 1220 2307 et
1244 2251 1385 2308 ostensa

259 2345 405 2402 sunt:-

509 2479 598 2552 Qrmd.
612 2484 719 2550 nempe,
732 2481 799 2551 Ipse
809 2483 850 2535 sit
861 2481 942 2535 Deus
956 2479 1040 2536 Caeli
1041 2484 1088 2604 (ιι.
1097 2479 1171 2560 2-6).

509 2551 596 2622 Quod
604 2553 749 2606 Dr'vr'rrrrm
762 2552 971 2623 Ipsr'usfacr‘at
985 2551 1042 2606 Cae
1054 2569 1102 2605 um
1117 2553 1158 2621 (ιι.
1172 2553 1263 2621 7-12).

509 2621 595 2693 Quod
604 2623 750 2676 Drirr'rrum
763 2623 889 2678 Domini
895 2625 928 2676 r'rr
943 2623 1026 2677 Caelo
1036 2625 1078 2678 sr't
1088 2624 1228 2678 Amor-in
1241 2623 1342 2693 Ipmm
1355 2628 1384 2677 et

579 2693 720 2748 Charitas
731 2709 802 2764 erga
811 2695 984 2762 proxr'rnum
997 2694 1038 2762 (ιι.
1054 2693 1159 2762 13-19).

508 2761 595 2834 Quod
608 2763 708 2818 Corres
727 2763 865 2817 mudentr'a
877 2765 919 2817 sit
936 2766 1065 2817 omnium
1079 2763 1195 2817 Mundi
1209 2779 1274 2817 cum
1291 2763 1381 2824 caelo,

577 2837 676 2904 asper
711 2833 806 2888 aetum
818 2851 883 2888 cum
896 2833 1023 2888 Domino
1036 2835 1076 2903 (n.
1094 2833 1222 2902 87-115).

513 2902 587 2960 Tum
595 2904 674 2975 quod
683 2905 735 2959 Sol
744 2905 855 2967 mundi,
867 2910 896 2959 et
906 2905 995 2959 Luna
1003 2905 1242 2976 correspondents!
1255 2903 1295 2975 (n.
1311 2903 1383 2975 105).

672 3187 974 3202 w

767 3415 879 3502 [XV]

487 3621 544 3688 Ds
567 3621 672 3689 Lucs
695 3636 744 3686 ss
767 3619 926 3687 Cnuons
949 3636 991 3685 m
1014 3619 1156 3688 Cnsm.

325 3819 420 3886 126.
449 3815 552 3900 Quod
576 3817 636 3882 lux
660 3817 694 3880 in
718 3814 822 3880 caelis
846 3815 902 3889 sit,
920 3837 990 3880 non
1009 3835 1132 3900 capere
1151 3826 1297 3899 possunt
1320 3815 1381 3894 illi,

262 3911 318 3998 qui
334 3911 446 3976 solum
466 3934 511 3976 ex
528 3923 651 3976 natura
667 3913 848 3994 cogitant;
874 3930 950 3974 cum
968 3922 1085 3975 tamen
1105 3913 1138 3975 in
1159 3911 1264 3976 caelis
1281 3921 1383 3976 tanta

262 4007 323 4072 lux
343 4017 407 4083 est,
428 4017 465 4070 ut
485 4007 602 4070 multis
623 4007 785 4089 gradibus
804 4006 953 4070 excedat
974 4005 1085 4069 lucem
1106 4007 1329 4082 meridianam
1348 4007 1382 4069 in

262 4101 413 4180 mundo;
437 4103 509 4166 visa
528 4111 582 4166 est
601 4102 660 4166 illa
679 4101 761 4166 mihi
781 4101 927 4184 saepius,
948 4102 1054 4165 etiam
1073 4101 1285 4184 temporibus
1304 4123 1382 4166 ves·

263 4215 365 4280 perae
394 4205 431 4261 et
460 4194 581 4261 nostis.
628 4195 667 4260 In
699 4198 866 4280 principio
889 4195 1031 4259 miratus
1054 4214 1140 4271 sum,
1164 4213 1241 4258 cum
1267 4193 1383 4258 audivi

659 4423 699 4477 (rr
711 4433 809 4464 secum
821 4425 985 4472 mmm)

315 4537 365 4606 (re)
386 4533 475 4610 Quod
492 4534 641 4592 Dominus
655 4533 696 4590 rit
713 4541 849 4590 centrum
868 4543 1036 4592 oommune.
1051 4529 1087 4586 sd
1108 4529 1189 4601 qood
1208 4545 1241 4586 se
1260 4539 1382 4588 vertum

262 4607 365 4664 omnis
377 4607 451 4663 caeli
466 4607 506 4676 (n.
521 4605 610 4677 3633[‚
621 4607 724 4676 3⁶4¹])·
