3408 5358
417 665 468 718 DE
492 664 770 718 FUNCTIONIBUS
793 665 1033 718 ANGELORUM
1057 667 1098 717 ΙΝ
1121 665 1257 719 CAELO.
1346 670 1407 737 243

348 852 455 922 390-
485 837 542 904 Εκ
565 837 619 904 his
637 837 796 904 concludi
816 847 946 920 potest,
965 837 1086 922 quales
1105 848 1187 904 sunt
1206 839 1407 904 subordina-

286 934 398 1000 tiones
413 935 447 998 in
460 934 565 1000 caelis
578 955 587 1014 3
611 934 703 1018 quod
720 951 844 1016 nempe
856 935 945 998 sicut
957 935 1100 1018 quisque
1113 945 1218 1010 amat,
1232 936 1406 1013 aestimat,

286 1040 323 1094 et
352 1030 502 1094 honorat
525 1047 634 1106 usum,
654 1030 703 1094 ita
724 1049 860 1112 quoque
884 1039 990 1105 amet,
1014 1031 1176 1094 aestimet
1199 1040 1235 1094 et
1258 1031 1408 1096 honoret

285 1143 467 1206 personam
483 1123 543 1188 *cui
573 1145 652 1188 usus
681 1124 740 1188 ille
769 1123 950 1205 adjunctus
979 1133 1051 1202 est;
1086 1134 1122 1188 et
1153 1145 1287 1208 quoque
1315 1125 1407 1208 quod

284 1239 432 1300 persona
447 1228 582 1282 tantum
599 1229 743 1293 ametur,
757 1221 960 1282 aestimetur
975 1230 1011 1283 et
1028 1220 1226 1294 honoretur,
1241 1230 1407 1304 quantum

285 1333 382 1378 usum
400 1333 468 1380 non
485 1313 625 1378 addicat
642 1313 706 1376 sibi
724 1313 786 1376 sed
806 1313 957 1378 Domino
972 1335 979 1394 ;
1004 1322 1143 1378 tantum
1159 1315 1250 1378 enim
1270 1316 1407 1396 sapiens

285 1417 350 1484 est,
382 1419 417 1472 et
448 1417 583 1473 tantum
613 1429 704 1482 usus,
729 1428 814 1491 quos
845 1419 1010 1490 praestat,
1041 1428 1087 1472 ex
1117 1409 1210 1472 bono
1241 1418 1406 1491 praestat.

285 1502 407 1578 Amor,
425 1503 621 1568 aestimatio
639 1513 675 1566 et
698 1501 808 1566 honor
827 1501 1013 1585 spiritualis
1032 1522 1096 1566 nec
1119 1503 1211 1566 aliud
1230 1513 1284 1566 est
1304 1521 1407 1588 quam

285 1617 391 1672 amor,
409 1599 608 1662 aestimatio
624 1607 660 1660 et
677 1597 789 1662 honor
805 1618 884 1660 usus
903 1599 937 1660 in
953 1617 1121 1680 persona;
1146 1617 1184 1662 ac
1202 1597 1313 1662 honor
1329 1618 1406 1680 per·

284 1689 390 1758 sona'e
406 1713 452 1757 ex
468 1714 529 1756 usu
545 1703 580 1758 et
601 1712 670 1756 non
687 1711 766 1755 usus
782 1711 827 1756 ex
845 1712 1001 1774 persona.
1047 1692 1113 1774 Qui
1130 1694 1235 1757 etiam
1249 1693 1407 1756 homines

285 1809 329 1850 ex
353 1787 519 1870 spirituali
542 1808 624 1852 vero
647 1784 793 1869 spectat,
814 1806 877 1850 nec
901 1787 1002 1850 aliter
1021 1785 1177 1868 spedtat3
1208 1807 1287 1852 nam
1311 1789 1406 1852 videt

284 1901 388 1946 unum
411 1881 586 1946 hominem
609 1883 756 1946 similem
779 1881 892 1958 alteri,
917 1883 989 1945 sive
1019 1883 1053 1946 in
1083 1901 1210 1964 magna
1233 1880 1405 1964 dignitate
1456 1947 1460 1954 ,

284 1979 356 2041 sive
374 1978 408 2040 in
428 1998 534 2060 parva
553 1977 608 2052 sit,
628 1977 690 2040 sed
713 1975 940 2040 differentiam
957 1975 1069 2040 solum
1092 1978 1125 2040 in
1149 1978 1339 2060 sapientia;
1370 1987 1406 2041 et

284 2075 454 2154 sapientia
473 2083 526 2136 est
550 2093 664 2138 amare
684 2091 791 2147 usum,
812 2073 862 2136 ita
884 2073 1012 2136 bonum
1032 2072 1196 2146 concivis,
1217 2073 1403 2148 societatis,

284 2169 417 2249 patriae
449 2178 485 2232 et
518 2167 697 2232 ecclesiae.
742 2165 782 2232 In
814 2167 881 2230 hoc
915 2167 1021 2230 etiam
1048 2165 1208 2231 consistit
1241 2187 1338 2231 amor
1370 2169 1404 2230 in

171 2279 173 2284 ·
248 2287 250 2290 ·
285 2262 482 2338 Dominum,
513 2265 592 2346 quia
620 2283 641 2326 a
674 2260 825 2326 Domino
853 2271 908 2326 est
938 2281 1040 2326 omne
1070 2262 1198 2326 bonum
1228 2263 1319 2344 quod
1349 2273 1404 2327 est

284 2357 410 2420 bonum
428 2377 526 2436 usus;
551 2367 587 2421 et
606 2377 740 2440 quoque
756 2375 853 2420 amor
868 2375 951 2437 erga
967 2357 1173 2438 proximum,
1191 2358 1269 2439 quia
1285 2357 1404 2439 proxi·

283 2472 358 2516 mus
374 2462 428 2516 est
440 2453 568 2516 bonum
581 2452 672 2534 quod
686 2451 871 2514 amandum
886 2452 921 2514 in
937 2451 1089 2528 concive,
1101 2452 1282 2528 societate,
1294 2453 1405 2533 patria

283 2558 318 2614 et
337 2549 495 2622 ecclesia,
515 2557 551 2611 et
570 2547 661 2630 quod
681 2547 927 2628 praestandum
946 2543 1059 2610 illisi-l

332 2659 445 2733 ⁸391.
475 2641 606 2706 Omnes
618 2643 805 2706 societates
821 2643 855 2704 in
868 2631 972 2706 caelis
985 2639 1169 2706 distinctae
1185 2651 1265 2706 sunt
1281 2662 1403 2707 secun-

283 2737 363 2802 dum
391 2759 482 2814 usus,
502 2739 663 2820 quoniam
694 2735 877 2801 distinctae
908 2747 989 2802 sunt
1019 2738 1207 2800 secundum
1226 2737 1327 2812 bona,
1350 2737 1403 2820 (ut

283 2853 395 2914 supra,
413 2853 445 2896 n.
464 2849 517 2912 41,
535 2853 617 2915 seq,
635 2831 762 2897 ditium
779 2831 861 2916 est‚)
882 2841 918 2896 et
937 2833 1028 2896 bona
1044 2841 1123 2896 sunt
1143 2833 1233 2896 bona
1249 2830 1327 2898 ac‘tu
1343 2855 1403 2896 seu

282 2928 373 2991 bona
392 2928 580 3002 charitatis,
598 2949 683 3010 quae
703 2939 783 2992 sunt
803 2949 890 2992 usus.
936 2926 1023 2992 Sunt
1042 2929 1240 3004 societates,
1261 2948 1402 3010 quarum

282 3021 474 3087 functiones
494 3034 573 3086 sunt
592 3042 707 3086 curam
726 3023 896 3087 infantum
914 3022 1062 3100 habere;
1086 3031 1166 3086 sunt
1185 3023 1272 3086 aliae
1291 3025 1401 3086 socie·

282 3129 385 3196 tates,
403 3139 545 3203 quarum
562 3116 753 3183 fundtiones
769 3130 848 3184 sunt
865 3119 943 3184 illos
959 3120 1039 3182 dum
1055 3118 1260 3182 adolescunt
1277 3120 1402 3182 instru-

281 3235 338 3278 ere
361 3223 397 3278 et
420 3215 588 3278 educare:
613 3224 692 3278 sunt
717 3214 815 3290 aliae,
835 3235 924 3298 quae
946 3234 1069 3296 pueros
1092 3223 1128 3278 et
1152 3213 1294 3296 puellas,
1315 3235 1402 3297 quae

281 3309 393 3374 bonae
416 3309 542 3374 indolis
565 3331 610 3373 ex
633 3310 839 3374 educatione
870 3311 904 3372 in
934 3309 1062 3372 mundo
1089 3319 1181 3385 sunt,
1202 3319 1237 3374 et
1265 3309 1344 3372 inde
1367 3310 1401 3372 in

281 3405 414 3468 caelum
430 3406 584 3479 veniunt,
602 3405 756 3469 similiter
773 3405 945 3468 instruunt
961 3413 997 3466 et
1013 3403 1181 3467 educant:
1206 3414 1285 3466 sunt
1300 3403 1400 3478 aliae,

281 3519 368 3582 quae
391 3499 565 3581 simplices
595 3499 706 3562 bonos
736 3519 782 3562 ex
812 3497 1011 3562 Christiano
1034 3498 1116 3563 orbe
1142 3498 1270 3562 docent
1298 3518 1339 3562 ac
1367 3499 1400 3561 in

670 3695 718 3749 [(ικ
731 3705 828 3737 nucnurs
839 3695 1011 3749 amuel]

333 3797 377 3866 (u)
434 3797 493 3852 uod
503 3812 604 3852 amare
616 3797 785 3868 proximum
799 3812 860 3850 non
869 3796 910 3852 sit
919 3813 1020 3852 amare
1031 3811 1198 3870 personam,
1206 3797 1260 3854 sed
1274 3795 1304 3852 id
1318 3797 1400 3870 quod

279 3877 326 3923 est
338 3883 397 3938 apu
436 3868 519 3921 illum
533 3883 570 3922 ex
583 3883 644 3939 quo
657 3867 706 3921 ille
721 3869 762 3935 (n.
778 3879 853 3936 5025,
871 3867 977 3936 10336).

333 3937 392 4010 Qui
408 3949 510 3992 amant
529 3953 697 4008 personam,
714 3949 745 3992 et
760 3955 821 3992 non
837 3939 918 4010 quod
937 3947 984 3992 est
1002 3937 1081 4008 apud
1102 3937 1185 3992 illum
1204 3953 1241 3994 ex
1259 3953 1321 4008 quo
1340 3939 1399 4001 ille,

279 4009 360 4079 quod
374 4019 476 4064 ament
489 4025 583 4079 aeque
598 4009 708 4064 malum
721 4025 756 4064 ac
770 4011 883 4064 bonum
898 4011 938 4077 (n.
952 4007 1051 4077 382o):
1069 4017 1100 4065 et
1115 4009 1197 4091 quod
1212 4009 1400 4064 benefaciant

278 4095 374 4162 aeqrre
394 4079 480 4134 malis
495 4096 530 4134 ac
546 4079 641 4142 bonis,
656 4096 723 4134 cum
744 4091 846 4162 tamen
866 4079 1041 4134 benefacere
1061 4079 1147 4133 malis
1166 4079 1206 4132 sit
1225 4079 1399 4135 malefacere

278 4151 715 4294 '’⁰¹3¹3ssl0fll0tfts‘ltff
728 4149 1347 4284 {satistatislitabam„
1363 4237 1399 4276 ac

277 4292 434 4348 laedantur
447 4295 484 4348 ab
498 4239 557 4350 illis
569 4295 649 4358 boni,
663 4295 832 4365 proximum
845 4303 926 4348 amat
941 4297 980 4362 (n.
994 4293 1072 4362 3820,
1085 4291 1163 4354 8120,
1178 4291 1269 4359 8121).

331 4361 420 4436 Quod
433 4366 533 4422 omnls
547 4367 639 4422 homo
655 4377 686 4422 et
701 4367 838 4428 societas.
853 4377 916 4420 turn
933 4363 1029 4435 patria
1043 4375 1074 4420 et
1089 4363 1223 4424 ecclesia,
1233 4375 1272 4446 ac
1287 4360 1316 4415 in
1333 4362 1399 4416 uni-

276 4435 385 4490 versali
404 4454 494 4494 sensu
514 4455 638 4564 Ἥυῳ
659 4437 792 4502 Domini,
807 4439 868 4494 sint
887 4437 1058 4507 proximum
1082 4445 1114 4490 et
1129 4435 1210 4520 qpod
1231 4433 1289 4486 illrs
1308 4433 1398 4518 bene-

277 4594 377 4642 murn;
404 4579 446 4634 ita
464 4581 577 4636 bonum
598 4581 726 4644 illorum,
741 4579 790 4636 cui
808 4579 1027 4634 consulendum
1045 4587 1101 4641 est,
1116 4587 1165 4633 est
1182 4577 1337 4648 proximus
1356 4579 1397 4644 (n.

276 4503 425 4705 Ξείοόἑι
437 4525 540 4720 azlor}
595 4527 624 4564 m
634 4511 799 4566 secundum
813 4509 901 4579 quale
914 4517 1011 4564 status
1020 4522 1124 4562 eorum
1138 4517 1177 4562 sit
1189 4521 1289 4560 amare
1299 4521 1398 4576 prom·

316 4665 325 4704 r
403 4665 444 4718 24,
480 4665 550 4722 ¹²3·
