3368 5356
410 644 567 697 CAELUM
591 645 658 696 EST
682 642 795 697 HOMO
818 644 868 696 EX
892 643 1028 696 DIVINO
1051 641 1229 696 Humano.
1359 647 1404 710 49

283 824 418 880 mentes
441 818 570 899 absque
592 817 711 892 forma,
736 837 798 880 nec
823 825 1008 898 pneumata
1031 815 1204 890 aetherea,
1225 817 1287 880 sed
1309 817 1400 900 quod

281 910 350 972 sint
367 908 525 972 homines
544 911 577 972 in
596 909 720 990 effigie,
738 918 774 972 et
793 909 884 990 quod
899 908 1052 984 videant,
1069 908 1223 985 audiant,
1241 917 1276 973 et
1294 911 1399 974 senti-

281 1010 342 1066 ant
361 1021 469 1084 aeque
488 1019 528 1064 ac
548 1001 599 1064 illi
617 1002 675 1083 qui
694 1001 727 1064 in
746 997 915 1065 mundol‘l

792 1411 885 1496 [xi]

280 1594 393 1678 Quon
413 1596 575 1663 Casuum
598 1613 639 1663 m
663 1611 766 1663 noro
790 1611 838 1662 aa
861 1613 903 1662 nu
926 1613 1050 1663 runnu
1070 1613 1248 1664 ansanus
1274 1599 1397 1664 Holu-

374 1705 594 1771 NEM,QU01)
618 1707 676 1759 sin
699 1707 750 1757 nx
774 1693 918 1758 D1v1uo
943 1693 1117 1759 Hunnuo
1141 1695 1300 1759 Dourur.

339 1879 408 1962 78.
438 1877 541 1961 Quod
557 1879 690 1943 caelum
707 1881 740 1944 in
758 1890 836 1944 toto
852 1890 888 1944 et
907 1881 940 1944 in
957 1889 1055 1963 parte
1071 1880 1195 1945 referat
1211 1880 1396 1954 hominem,

277 1970 368 2052 quod
387 1972 432 2034 sit
451 1991 497 2034 ex
518 1971 643 2035 Divino
668 1973 830 2036 Humano
850 1973 1001 2047 Domini,
1021 1975 1173 2056 sequitur
1196 1983 1233 2036 ut
1256 1973 1395 2036 conclu·

275 2079 349 2124 sum
365 2083 410 2125 ex
427 2064 585 2126 omnibus
598 2065 676 2140 illis,
690 2085 776 2147 quae
792 2066 825 2127 in
842 2057 1128 2146 praecedentibus
1141 2064 1294 2128 articulis
1306 2063 1398 2129 dieta

274 2163 310 2216 et
327 2163 470 2217 ostensa
485 2165 575 2218 sunt.
618 2156 658 2218 ln
670 2157 824 2220 articulis
840 2157 1127 2239 praecedentibus
1140 2165 1317 2220 ostensum
1329 2167 1395 2228 est,

277 2244 329 2327 (i.)
365 2243 468 2326 Quod
489 2245 656 2310 Dominus
679 2249 725 2311 sit
749 2249 843 2311 Deus
866 2247 972 2311 caeli:
1013 2247 1076 2329 (ii.)
1109 2245 1211 2328 Quod
1236 2248 1395 2310 Divinum

276 2337 414 2400 Domini
441 2338 544 2402 iaciat
568 2337 720 2402 caelum:
762 2338 836 2422 (iii.)
869 2337 972 2419 Quod
996 2339 1129 2402 caelum
1153 2341 1322 2404 consistat
1350 2360 1395 2404 ex

274 2429 458 2492 innumeris
485 2431 733 2508 societatibus;
767 2440 803 2495 et
827 2432 918 2514 quod
942 2433 1151 2513 unaquaevis
1178 2432 1327 2496 societas
1350 2432 1395 2493 sit

177 2567 181 2592 ‚
274 2519 406 2584 caelum
417 2523 451 2584 in
463 2523 594 2584 minore
603 2522 733 2600 lorma;
751 2532 786 2586 et
796 2525 1025 2607 unusquisque
1036 2521 1179 2604 angelus
1191 2523 1225 2586 in
1237 2524 1393 2587 minima:

276 2610 350 2694 (iv.)
386 2611 488 2694 Quod
516 2614 711 2677 universum
739 2613 872 2678 caelum
902 2615 935 2677 in
963 2635 1031 2678 uno
1058 2614 1244 2698 complexu
1271 2614 1394 2680 reserat

274 2722 376 2766 unum
395 2704 592 2771 hominem:
628 2704 691 2788 (v.)
717 2704 818 2787 Quod
839 2707 1048 2788 unaquaevis
1067 2707 1217 2770 societas
1236 2707 1269 2770 in
1289 2706 1395 2776 caelis

272 2797 378 2858 etiam
398 2795 522 2861 reserat
542 2817 645 2860 unum
663 2797 860 2861 hominem:
895 2795 970 2880 (vi.)
995 2796 1097 2880 Quod
1117 2799 1195 2862 inde
1215 2800 1393 2881 unusquis·

272 2907 337 2971 que
356 2888 501 2970 angelus
524 2889 569 2952 sit
592 2889 626 2952 in
649 2887 799 2971 perledta
820 2889 930 2954 forma
951 2890 1111 2954 humana.
1158 2889 1255 2954 Haec
1279 2893 1394 2954 omnia

271 2979 494 3054 concludunt,
505 2981 597 3062 quod
611 2981 782 3056 Divinum,
796 2983 874 3064 quia
886 2982 967 3046 lacit
981 2982 1125 3055 caelum,
1137 2983 1182 3045 sit
1196 2981 1392 3046 Humanum

271 3073 304 3134 in
323 3071 442 3135 lorma.
488 3069 590 3153 Quod
610 3072 675 3139 hoc
699 3075 745 3136 sit
769 3073 929 3136 Divinum
956 3072 1154 3137 Humanum
1175 3073 1325 3148 Domini,
1346 3095 1391 3138 ex

271 3162 337 3226 illis
350 3183 437 3245 quae
450 3162 528 3227 loco
540 3163 710 3228 corollarii
723 3185 768 3228 ex
781 3163 812 3226 A
818 3165 931 3228 rcam's
944 3163 1150 3230 Caelestibus
1166 3177 1344 3248 assumpta
1356 3175 1391 3231 et

271 3254 401 3318 collata
414 3265 503 3331 sunt,
514 3256 626 3318 adhuc
640 3256 765 3319 clarius
777 3256 884 3320 videri
897 3267 1025 3338 potest,
1038 3259 1116 3339 quia
1128 3257 1161 3319 in
1175 3259 1391 3340 compendio.

271 3344 373 3428 Quod
395 3346 591 3412 Humanum
615 3347 754 3412 Domini
779 3349 824 3412 sit
848 3347 1019 3424 Divinum,
1040 3359 1076 3412 et
1097 3368 1165 3412 non
1190 3349 1278 3412 sicut
1301 3351 1392 3414 intra

270 3438 451 3503 ecclesiam
465 3440 623 3514 creditur,
635 3440 725 3522 quod
741 3439 939 3502 Humanum
953 3439 1063 3520 Ipsius
1077 3461 1146 3503 non
1160 3441 1204 3505 sit
1218 3439 1390 3512 Divinum,

269 3532 375 3594 etiam
394 3552 414 3594 a
431 3528 594 3594 collectis
610 3530 677 3594 illis
694 3531 801 3594 videri
818 3540 946 3613 potest,
964 3541 1000 3596 et
1017 3553 1151 3614 quoque
1167 3553 1213 3595 ex
1229 3531 1391 3596 Doblrina

270 3621 415 3686 Scantiae
431 3621 682 3704 Hr'crosolymae
699 3624 742 3686 ad
763 3622 876 3698 finem,
896 3625 953 3687 ubi
972 3624 1087 3706 agitur
1105 3624 1148 3686 de
1164 3623 1325 3686 Domino.

331 3728 402 3796 79.
432 3711 534 3794 Quod
558 3713 608 3777 ita
630 3716 686 3788 sit,
707 3736 751 3778 ex
771 3715 857 3798 pluri
876 3717 1092 3797 experientia
1116 3714 1197 3778 mihi
1220 3725 1389 3778 testatum

268 3803 395 3868 ladlum
419 3815 486 3882 est,
507 3806 550 3868 de
573 3825 640 3888 qua
662 3806 790 3890 aliquid
814 3809 847 3870 in
871 3827 960 3870 nunc
980 3807 1212 3889 sequentibus.
1259 3805 1390 3871 Omnes

268 3897 382 3978 angeli
399 3897 455 3978 qui
475 3897 508 3960 in
528 3897 632 3961 caelis
649 3908 738 3974 sunt,
757 3918 923 3982 nusquam
940 3899 1100 3962 Divinum
1120 3900 1183 3961 sub
1199 3899 1266 3962 alia
1281 3899 1389 3963 forma

268 4007 370 4070 quam
391 3987 552 4052 Humana
576 3990 788 4072 percipiunt;
820 3999 855 4054 et
879 3991 970 4073 quod
994 3991 1126 4064 mirum,
1147 3991 1203 4073 qui
1225 3992 1259 4054 in
1284 3990 1389 4054 caelis

666 4177 704 4228 int
718 4189 814 4220 33333333
826 4177 988 4230 cummi

321 4269 358 4338 (c)
383 4267 478 4356 Quod·
488 4269 693 4354 unusquisque
706 4271 837 4342 angelus,
843 4271 923 4396 ¹piria
934 4281 982 4326 est
994 4271 1142 4341 recipiens
1158 4269 1259 4325 Divini
1273 4271 1388 4326 ordinis

266 4355 284 4394 a
300 4337 441 4404 Domino,
454 4351 494 4396 srt
507 4357 537 4395 m
550 4341 682 4395 humana
694 4341 791 4396 forma
804 4358 841 4412 pe
870 4341 937 4396 edla
949 4353 980 4396 et
993 4343 1096 4413 pulcra
1108 4343 1272 4397 secundum
1287 4357 1388 4414 recep-

266 4411 381 4466 tionem
403 4413 443 4480 (n.
460 4426 520 4480 333,
539 4411 615 4474 1880,
634 4411 709 4474 1881,
729 4413 807 4482 3633,
824 4413 997 4482 38644633,
1013 4425 1091 4483 4735,
1110 4425 1190 4483 4797,
1208 4413 1288 4482 4985,
1310 4425 1386 4482 5199.

268 4481 763 4566 5⁵30.⁶05u98‚79.10177.¹059,4>·
1126 4554 1133 4568 ,
1364 4554 1370 4566 .

319 4549 409 4624 Quod
426 4551 569 4608 Divinum
583 4569 687 4608 verum
703 4563 742 4608 sit
758 4569 812 4624 per
825 4553 906 4624 quod
920 4553 1004 4614 ordo.
1018 4563 1049 4609 et
1065 4553 1208 4608 Divinum
1221 4553 1333 4608 bonurn
1347 4564 1386 4608 sn

265 4623 424 4680 essentiale
437 4623 552 4680 ordinis
567 4625 607 4693 (n.
618 4637 696 4694 2451,
706 4625 784 4694 3166,
796 4639 876 4695 4390,
886 4639 965 4694 4409.
981 4638 1057 4695 5333,
1071 4625 1149 4694 7356,
1166 4639 1262 4686 rom,
1278 4627 1385 4694 10555).
