3350 5366
372 663 424 714 ne
446 662 591 716 ranno
612 663 736 717 srnru
758 663 924 716 uoumrs
946 663 1039 716 rosc
1062 663 1236 715 uonrnu.
1305 665 1364 734 ³²5

242 836 308 900 tati
331 845 424 900 aunt.
468 835 550 920 lpaa
567 836 729 914 societas,
749 837 784 901 in
811 857 878 920 qua
902 836 1039 902 luerunt
1066 837 1181 920 quoad
1208 837 1366 918 spiritum

242 947 339 996 suum
359 932 395 994 in
414 931 554 1008 mundo,
574 931 771 995 ostenditur
790 951 925 1015 quoque
943 931 1010 995 illis
1030 951 1107 995 cum
1129 931 1164 994 in
1187 939 1284 995 statu
1301 951 1365 994 ex·

242 1025 404 1090 teriorum
424 1044 563 1089 suorum
580 1034 671 1100 sunt,
691 1034 729 1089 ut
749 1026 861 1090 sciant
878 1025 959 1088 inde
976 1026 1068 1108 quod
1091 1025 1125 1088 in
1144 1024 1275 1090 inferno
1293 1024 1365 1089 lua·

241 1119 312 1183 rint
329 1120 435 1183 etiam
453 1120 489 1182 in
507 1120 581 1183 vita
598 1119 761 1202 corporis,
780 1119 843 1182 sed
862 1129 980 1182 tamen
1000 1139 1069 1182 non
1092 1119 1126 1182 in
1150 1119 1251 1182 simili
1271 1128 1365 1184 statu

242 1233 320 1278 cum
335 1213 472 1296 illisqui
490 1215 524 1276 in
541 1215 616 1296 ipso
629 1214 772 1290 inferno,
786 1215 847 1278 sed
863 1215 898 1278 in
914 1215 1016 1278 simili
1031 1233 1108 1278 cum
1122 1223 1217 1278 statu
1230 1213 1365 1278 illorum

242 1310 298 1391 qui
317 1309 351 1372 in
370 1309 499 1372 mundo
516 1311 697 1390 spirituum
716 1319 816 1386 sunt;
840 1309 883 1372 de
902 1329 1046 1391 quorum
1062 1319 1156 1372 statu
1174 1305 1365 1390 respective

241 1403 285 1466 ad
303 1403 441 1466 illorum
460 1404 516 1485 qui
533 1405 568 1466 in
584 1403 719 1467 inferno
736 1413 829 1479 sunt,
849 1405 884 1466 in
904 1404 1125 1486 sequentibus
1144 1403 1287 1468 dicetur.

304 1514 396 1582 511.
428 1496 608 1580 Separatio
630 1499 798 1562 malorum
822 1500 1002 1580 spirituum
1024 1519 1046 1562 a
1067 1499 1168 1563 bonis
1190 1498 1365 1579 spiritibus

242 1591 280 1656 fit
302 1593 338 1655 in
360 1593 514 1656 secundo
532 1592 598 1656 hoc
618 1603 723 1669 statu,
743 1612 823 1656 nam
845 1594 879 1656 in
900 1595 1012 1674 primo
1030 1603 1124 1658 statu
1142 1593 1243 1658 simul
1262 1602 1363 1670 sunt;

242 1688 404 1770 quoniam
426 1688 508 1750 dum
531 1689 671 1768 spiritus
694 1697 746 1751 est
777 1689 811 1751 in
842 1689 1074 1752 exterioribus
1093 1689 1173 1762 suis,
1194 1697 1247 1752 est
1274 1688 1364 1750 sicut

241 1782 304 1845 luit
320 1783 354 1844 in
370 1782 509 1857 mundo,
527 1783 578 1846 ita
596 1783 683 1846 sicut
700 1783 810 1846 malus
827 1801 905 1848 cum
921 1783 1014 1846 bono
1027 1783 1085 1858 ibi,
1101 1801 1141 1846 ac
1161 1783 1271 1846 bonus
1287 1801 1365 1851 cum

232 1867 359 1942 malo:
393 1876 496 1940 aliter
517 1897 595 1940 cum
619 1887 675 1941 eat
703 1879 738 1940 in
761 1879 925 1941 interiora
943 1898 1004 1940 sua
1021 1877 1148 1953 illatus,
1162 1897 1201 1940 ac
1226 1874 1364 1940 relictus

242 1991 323 2034 suae
342 1980 485 2034 naturae
508 1992 569 2035 seu
591 1972 776 2035 voluntati.
822 1971 1004 2054 Separatio
1026 1973 1193 2036 bonorum
1223 1993 1244 2036 a
1265 1970 1364 2034 malis

242 2065 280 2158 fit
303 2067 406 2128 variis
424 2067 555 2146 modis3
589 2068 819 2130 communiter
836 2087 899 2150 per
917 2067 1196 2131 circumlationes
1219 2067 1263 2130 ad
1286 2067 1364 2130 illas

241 2160 440 2234 societates,
457 2180 534 2224 cum
551 2161 673 2242 quibus
691 2163 957 2226 communicatio
971 2153 1082 2226 luerat
1101 2173 1161 2244 per
1176 2161 1363 2243 cogitatio-

242 2273 302 2317 nes
318 2263 354 2317 et
370 2252 568 2318 affectiones
579 2255 689 2318 bonas
704 2256 739 2320 in
755 2257 865 2338 primo
878 2265 994 2334 statu;
1013 2266 1049 2320 et
1065 2257 1113 2320 sic
1130 2256 1174 2320 ad
1190 2255 1267 2318 illas
1278 2275 1364 2336 quas

242 2349 453 2412 induxerunt
477 2349 617 2413 credere
640 2369 701 2431 per
723 2361 888 2414 externas
911 2351 1055 2431 species,
1075 2351 1165 2432 quod
1189 2369 1259 2412 non
1282 2349 1364 2412 mali

242 2453 369 2506 essent.
415 2443 466 2508 Ut
483 2443 666 2526 plurimum
683 2445 890 2508 circumferri
901 2445 1017 2508 solent
1034 2445 1219 2526 perlatum
1232 2445 1362 2519 orbem,

221 2545 278 2600 'et
301 2537 411 2600 ubivis
433 2539 571 2601 ostendi
594 2539 769 2620 spiritibus
792 2539 902 2614 bonis,
926 2539 1047 2620 quales
1069 2548 1149 2602 sunt
1171 2541 1206 2602 in
1229 2557 1287 2602 se:
1319 2539 1364 2602 ad

242 2629 421 2713 aspectum
444 2652 563 2696 eorum
586 2643 668 2696 tunc
692 2633 775 2696 boni
796 2635 935 2714 spiritus
958 2653 996 2697 se
1018 2642 1193 2708 avertunt,
1213 2643 1249 2698 et
1273 2634 1365 2698 sicut

241 2727 292 2791 illi
313 2747 350 2790 se
369 2737 539 2803 avertunt,
556 2728 605 2791 ita
624 2745 759 2810 quoque
777 2728 859 2792 mali
877 2729 1029 2809 spiritus,
1046 2728 1103 2810 qui
1121 2727 1363 2792 circumierun-

242 2833 309 2899 tur,
338 2833 540 2886 avertuntur
571 2821 658 2886 facie
690 2823 735 2886 ab
767 2822 846 2899 illis,
869 2823 914 2886 ad
944 2823 1096 2906 plagam,
1124 2823 1181 2886 ubi
1212 2823 1363 2886 societas

242 2935 360 2980 eorum
382 2916 558 2982 infernalis
579 2927 645 2994 est,
668 2917 705 2980 in
727 2936 828 2999 quam
851 2917 997 2982 venturi.
1041 2916 1093 2984 Ut
1116 2927 1254 2982 taceam
1276 2917 1364 2982 alios

243 3012 471 3095 separationis
488 3012 623 3090 modos,
643 3012 700 3095 qui
716 3011 831 3094 plures
849 3021 942 3078 sunt.

742 3490 868 3577 [nun]

243 3675 301 3742 Dr
337 3675 488 3740 Tnario
510 3674 640 3740 Srnru
664 3675 838 3740 Houmrs
869 3687 962 3740 noer
985 3675 1168 3752 Moarau,
1193 3687 1260 3754 om
1277 3689 1364 3768 ¹as'r

368 3771 517 3836 Srnrus
540 3770 837 3836 lusnnucmoms
860 3781 994 3835 sonuu
1024 3783 1288 3849 Qu1vuu1uun
1320 3785 1364 3836 ru

368 3866 545 3932 Cannuu.

304 4065 398 4136 51²·
427 4050 567 4115 Tertius
581 4057 694 4113 status
706 4047 854 4114 hominis
870 4058 949 4131 post
969 4058 1127 4125 mortem,
1145 4069 1205 4114 seu
1224 4051 1365 4132 spiritua

243 4146 326 4230 eius,
347 4157 402 4212 est
428 4155 543 4212 status
564 4141 824 4223 instructionis;
853 4143 909 4208 hic
932 4153 1047 4208 status
1063 4154 1119 4210 est
1142 4145 1210 4208 illis
1239 4147 1296 4230 qui
1328 4147 1364 4212 in

244 4242 379 4307 caelum
401 4242 556 4316 veniunt,
580 4249 617 4304 et
647 4237 733 4303 fiunt
752 4239 889 4320 angeli,
921 4259 991 4304 non
1014 4241 1217 4304 autemillis
1243 4242 1300 4323 qui
1328 4242 1364 4306 in

243 4337 411 4401 infernum
429 4337 585 4409 veniunt,
604 4334 766 4416 quoniam
782 4333 817 4398 hi
835 4353 905 4396 non
924 4334 1048 4400 instrui
1067 4345 1234 4416 possunt;
1258 4355 1364 4417 quare

243 4431 364 4496 horum
377 4441 491 4495 status
501 4430 672 4494 secundus
687 4439 743 4494 est
758 4449 894 4511 quoque
906 4429 1041 4502 tertius,
1055 4429 1111 4510 qui
1127 4428 1242 4493 finitur
1257 4430 1291 4493 in
1307 4450 1362 4507 eo,

244 4527 335 4610 quod
351 4545 487 4608 prorsus
503 4525 660 4589 conversi
679 4525 748 4588 sint
765 4523 809 4588 ad
828 4543 925 4586 suum
940 4542 1106 4597 amorem,
1122 4524 1173 4588 ita
1190 4525 1234 4586 ad
1253 4526 1364 4590 socie·

245 4632 357 4686 tatem
384 4619 596 4696 infernalem,
616 4639 706 4702 quae
733 4619 768 4684 iu
798 4618 900 4684 simili
922 4635 1041 4682 amore
1070 4627 1134 4684 est.
1180 4617 1266 4684 Cum
1296 4618 1361 4689 hoc
