3350 5366
291 643 349 708 312
611 639 662 692 oa
680 637 806 690 casto
829 637 878 688 ur
901 633 1083 688 ruruauo.

289 808 441 892 spective
475 815 513 872 ut
548 817 716 871 mortuam
748 803 1002 888 spectaverunt,
1026 805 1131 868 modo
1164 803 1406 869 inservientem

289 901 529 987 spiritualibus,
549 921 589 966 ac
613 913 725 966 semet
747 903 782 964 in
806 921 848 966 eo
871 899 1171 975 confirmaverunt,
1191 899 1241 963 illi
1269 899 1303 962 in
1327 917 1405 964 cae·

289 999 367 1063 lesti
390 997 465 1062 luce
489 1007 581 1074 sunt,
601 1015 640 1061 ac
663 997 780 1060 omnia
797 1017 885 1080 quae
904 1015 1019 1058 coram
1039 994 1146 1058 oculis
1165 1014 1282 1057 eorum
1301 1015 1405 1078 appa-

288 1103 376 1170 rent,
388 1093 432 1156 ab
444 1093 503 1156 illa
516 1091 591 1156 luce
604 1091 746 1156 trahunt
757 1091 849 1174 quod
861 1091 1056 1172 pelluceant
1072 1111 1080 1168 ;
1103 1099 1139 1154 et
1152 1090 1185 1152 in
1198 1089 1406 1172 pellucentia

288 1189 346 1252 illa
364 1187 524 1271 sped'tant
543 1186 807 1250 innumerabiles
826 1187 1081 1267 variegationes
1100 1184 1194 1260 lucis,
1215 1205 1299 1268 quas
1315 1187 1405 1248 visus

287 1303 404 1347 eorum
427 1283 579 1346 internus
602 1281 698 1364 quasi
728 1281 926 1344 immediate
949 1279 1082 1358 haurit;
1112 1280 1191 1343 inde
1215 1281 1406 1362 percipiunt

284 1375 433 1459 jucunda
451 1377 624 1440 interiora.
669 1375 734 1438 Illa
753 1395 840 1458 quae
859 1375 892 1438 in
912 1375 1070 1438 domibus
1089 1393 1207 1438 eorum
1225 1383 1404 1456 apparent,

287 1482 367 1535 sunt
396 1472 492 1555 quasi
521 1472 754 1546 adamantina,
778 1471 812 1534 in
842 1471 963 1552 quibus
992 1469 1120 1534 similes
1142 1469 1405 1551 variegationes.

288 1565 424 1630 Dictum
441 1577 506 1642 est,
520 1565 611 1649 quod
629 1567 779 1646 parietes
795 1566 958 1628 domuum
975 1583 1092 1628 eorum
1108 1565 1177 1628 sint
1196 1565 1291 1647 quasi
1309 1583 1404 1645 crys-

230 1675 232 1682 ‘
287 1661 409 1736 tallini‚
429 1662 479 1725 ita
500 1681 635 1744 quoque
655 1660 880 1743 pellucentes,
900 1669 936 1724 et
965 1661 999 1724 in
1029 1659 1095 1722 illis
1119 1669 1288 1742 apparent
1311 1660 1405 1742 quasi

286 1755 432 1820 fluentes
450 1755 579 1818 sormae
602 1773 713 1818 rerum
735 1754 938 1819 caelestium
956 1754 1280 1837 repraesentativae,
1300 1755 1403 1816 etiam

285 1868 363 1912 cum
393 1859 559 1930 perpetua
588 1850 769 1926 varietate,
792 1857 828 1911 et
856 1847 954 1922 haec,
978 1849 1057 1930 quia
1086 1847 1166 1910 talis
1196 1847 1404 1930 pellucentia

287 1943 535 2026 correspondet
554 1941 746 2007 intellectui
765 1943 936 2006 illustrato
955 1963 975 2005 a
992 1941 1152 2017 Domino,
1169 1943 1310 2005 remotis
1329 1961 1402 2004 um·

286 2039 355 2101 bris
373 2059 418 2101 ex
438 2037 504 2100 fide
524 2047 559 2100 et
583 2056 700 2100 amore
719 2037 936 2101 naturalium.
980 2035 1081 2100 Talia
1099 2047 1190 2109 sunt,
1211 2046 1246 2100 et
1270 2035 1403 2100 infinita

286 2133 363 2208 alia,
381 2133 423 2196 de
442 2133 574 2215 quibus,
591 2133 635 2196 ab
653 2132 720 2195 illis
739 2133 795 2214 qui
818 2133 969 2195 incaelo
992 2131 1138 2208 suerunt,
1158 2132 1282 2196 dicitur
1311 2133 1402 2214 quod
1457 2183 1464 2200 .

286 2227 434 2290 viderint
457 2247 543 2310 quae
574 2247 741 2309 nusquam
768 2226 887 2290 oculus
905 2227 1013 2306 vidit;
1045 2235 1080 2289 et
1112 2247 1158 2289 ex
1181 2228 1403 2309 perceptione

287 2321 488 2385 Divinorum
511 2341 557 2385 ex
583 2321 649 2384 illis
672 2339 788 2384 secum
811 2322 1074 2395 communicata,
1099 2321 1190 2402 quod
1213 2321 1403 2384 audiverint

286 2435 373 2498 quae
403 2435 569 2499 nusquam
592 2417 681 2479 auris
713 2416 855 2480 audivit.
899 2413 966 2497 Qui
990 2433 1058 2477 non
1081 2415 1297 2478 clandestine
1320 2435 1401 2497 ege·

286 2521 376 2586 runt,
394 2512 453 2574 sed
473 2511 655 2574 voluerunt
674 2521 711 2574 ut
731 2511 847 2573 omnia
862 2531 948 2592 quae
965 2510 1124 2592 cogitant
1143 2509 1258 2592 palam
1274 2520 1401 2585 essent,

286 2617 452 2690 quantum
471 2607 543 2668 vita
561 2606 669 2668 civilis
688 2607 852 2686 permisit,
873 2603 922 2668 iili
945 2607 1023 2688 quia
1041 2623 1110 2667 non
1130 2605 1194 2668 nisi
1213 2625 1314 2688 quam
1333 2607 1402 2668 sin·

286 2720 401 2764 cerum
424 2709 460 2764 et
479 2699 608 2781 justum
627 2721 672 2762 ex
697 2699 822 2763 Divino
842 2701 1092 2782 cogitaverunt,
1112 2699 1146 2762 in
1169 2699 1267 2763 caelo
1286 2700 1402 2763 lucent
1447 2725 1450 2732 ¹

285 2794 381 2868 facie,
395 2804 430 2857 et
446 2797 480 2858 in
493 2795 577 2858 facie
594 2815 639 2858 ex
653 2794 728 2857 luce
738 2795 797 2857 illa
809 2804 977 2878 apparent
989 2795 1144 2876 singulae
1156 2791 1353 2858 affedtiones
1365 2803 1401 2858 et

286 2890 520 2970 cogitationes
533 2898 634 2971 prout
650 2889 683 2950 in
699 2889 817 2964 forma,
829 2899 865 2952 et
881 2887 994 2970 quoad
1011 2887 1182 2970 loquelam
1198 2897 1233 2952 et
1250 2885 1402 2952 actiones

285 2993 365 3046 sunt
378 2983 472 3066 quasi
486 3003 620 3046 suarum
632 2981 848 3046 affectionum
860 2981 1000 3064 effigies.
1046 2982 1218 3046 Amantur
1231 2983 1310 3048 inde
1322 3004 1401 3066 prae

285 3077 370 3142 aliis.
414 3077 500 3142 Cum
524 3079 717 3161 loquuntur,
737 3079 948 3142 obscurescit
971 3079 1184 3160 aliquantum
1207 3079 1320 3155 facies,
1340 3081 1401 3142 sed

286 3181 365 3252 post
384 3171 557 3254 loquelam
576 3173 697 3236 eadem
717 3191 803 3255 quae
822 3171 928 3237 locuti
952 3183 1041 3247 sunt,
1059 3183 1225 3254 apparent
1245 3173 1343 3236 simul
1366 3175 1401 3236 in

285 3265 370 3330 facie
382 3266 483 3350 plene
499 3268 542 3330 ad
558 3268 678 3330 visum.
724 3265 850 3331 Omnia
861 3267 966 3330 etiam
979 3287 1065 3350 quae
1082 3269 1208 3330 circum
1221 3267 1298 3331 illos
1308 3269 1400 3331 exis-

285 3371 375 3436 tunt,
393 3363 470 3444 quia
486 3363 759 3443 correspondent
778 3363 996 3425 interioribus
1015 3381 1143 3436 eorum,
1161 3363 1194 3424 in
1214 3362 1276 3426 tali
1294 3381 1400 3446 appa·

284 3457 397 3520 rentia
406 3467 497 3532 sunt,
512 3467 548 3521 ut
561 3457 605 3520 ab
617 3456 692 3519 aliis
705 3457 935 3538 percipiantur
945 3457 1037 3520 clare
1047 3457 1126 3538 quid
1139 3468 1401 3537 repraesentant

285 3559 321 3614 et
339 3549 545 3632 significant.
590 3549 746 3632 Spiritus,
764 3551 885 3633 quibus
900 3550 1087 3634 jucundum
1106 3552 1167 3614 suit
1186 3551 1400 3616 clandestine

284 3664 398 3726 agere,
422 3643 500 3708 illos
523 3666 542 3708 e
566 3644 753 3729 longinquo
775 3645 920 3726 fugiunt,
944 3657 980 3710 et
1003 3655 1169 3728 apparent
1192 3647 1255 3712 sibi
1283 3665 1400 3728 repere

284 3740 328 3802 ab
346 3739 414 3802 illis
433 3741 521 3802 sicut
540 3751 729 3821 serpentes.
775 3738 841 3821 Qui
859 3740 1029 3804 adulteria
1048 3761 1109 3822 pro
1128 3739 1282 3804 nefandis
1301 3759 1399 3821 repu-

284 3843 456 3908 taverunt,
477 3843 513 3897 et
543 3835 576 3897 in
604 3845 703 3898 casto
727 3853 842 3898 amore
872 3834 1020 3916 conjugii
1049 3835 1221 3910 vixerunt,
1241 3833 1290 3897 illi
1320 3853 1400 3916 prae

283 3929 421 4010 reliquis
439 3930 474 3991 in
489 3929 607 3992 ordine
626 3937 662 3992 et
680 3929 788 3992 forma
804 3929 890 3992 caeli
907 3938 998 4004 sunt,
1015 3937 1051 3992 et
1067 3929 1146 3992 inde
1165 3931 1199 3992 in
1215 3930 1308 3992 omni
1324 3927 1399 4011 pul·

284 4023 486 4098 chritudine,
504 4032 540 4086 et
557 4024 720 4086 continue
735 4025 769 4087 in
783 4023 972 4106 juventutis
988 4023 1089 4087 flore:
1110 4023 1260 4105 jucunda
1274 4025 1399 4086 amoris

284 4117 418 4181 illorum
438 4129 518 4182 sunt
537 4117 731 4194 ineffabilia,
751 4129 787 4184 et
805 4129 965 4184 crescunt
988 4119 1022 4182 in
1044 4129 1222 4184 aeternum
1234 4139 1242 4196 ;
1267 4135 1346 4181 nam
1365 4117 1399 4181 in

284 4212 379 4276 illum
395 4231 546 4276 amorem
562 4215 677 4275 omnia
690 4213 838 4294 jucunda
853 4223 889 4277 et
906 4214 1031 4295 gaudia
1047 4213 1134 4277 caeli
1150 4212 1305 4288 influunt,
1322 4211 1400 4295 quia

284 4307 342 4370 ille
361 4327 457 4370 amor
475 4308 655 4371 descendit
674 4329 720 4370 ex
738 4307 977 4389 conjundtione
997 4307 1135 4371 Domini
1153 4327 1230 4371 cum
1247 4305 1345 4372 caelo
1363 4316 1398 4370 et

283 4419 360 4465 cum
379 4401 536 4474 ecclesia,
557 4411 593 4464 et
616 4403 649 4464 in
673 4421 800 4484 genere
823 4424 868 4466 ex
892 4400 1131 4484 conjunctione
1153 4401 1234 4467 boni
1257 4411 1294 4468 et
1316 4401 1397 4474 veri,

283 4515 371 4578 quae
390 4493 584 4576 conjunctio
607 4505 661 4559 est
685 4497 795 4577 ipsum
814 4497 946 4560 caelum
976 4498 1011 4560 in
1040 4496 1223 4572 communi,
1243 4507 1279 4560 et
1308 4497 1397 4580 apud

284 4591 542 4671 unumquemvis
568 4589 728 4672 angelum
759 4591 792 4654 in
816 4591 1010 4674 particulari
1036 4591 1207 4672 (videatur
1229 4611 1340 4673 supra,
1366 4611 1397 4653 n.
