3408 5358
583 631 632 681 ua
655 631 851 698 cosJuons
875 633 917 682 1u
939 631 1074 686 casso.
1200 609 1202 614 ’
1326 627 1397 704 237'

265 807 321 866 tur
346 821 368 865 a
397 799 588 884 cupiditate
612 800 812 865 dominandi
836 811 874 866 ut
904 822 1043 880 servus;
1078 803 1139 866 sed
1162 802 1228 867 hoc
1251 823 1389 886 prorsus

266 915 337 962 non
355 896 631 979 comprehendit,
651 898 709 980 qui
733 917 801 961 non
820 900 886 964 scit
904 899 985 982 quid
1006 898 1149 964 liberum
1165 901 1291 963 amoris
1311 919 1389 964 cae-

264 990 372 1058 lestis.
417 991 471 1057 At
490 1013 596 1076 usque
619 1013 665 1057 ex
688 993 757 1056 illis
776 1014 864 1077 quae
887 995 930 1058 de
954 996 1080 1058 arnoris
1099 995 1303 1077 coniugialia
1322 997 1389 1060 ori·

263 1086 344 1169 gine
357 1097 392 1153 et
405 1089 558 1152 essentia
566 1107 668 1170 supra
680 1085 772 1152 dicta
784 1099 875 1164 sunt,
887 1090 964 1153 sciri
977 1099 1106 1172 potest,
1118 1091 1210 1174 quod
1223 1101 1389 1173 quantum

263 1186 454 1252 dominium
480 1185 599 1259 intrat,
625 1193 762 1248 tantum
790 1195 926 1249 mentes
956 1205 1026 1249 non
1053 1185 1306 1268 conjungantur
1328 1185 1389 1250 sed

263 1283 483 1346 dividantur:
518 1279 705 1344 dominium
735 1279 905 1362 subjugat,
929 1290 965 1345 et
996 1299 1092 1344 mens
1122 1281 1305 1364 subjugata
1333 1280 1390 1344 vel

264 1377 389 1440 nullius
401 1375 594 1440 voluntatis
608 1386 675 1453 est,
692 1375 747 1441 vel
763 1386 817 1440 est
834 1375 1024 1440 voluntatis
1040 1377 1219 1458 oppositae
1236 1399 1244 1456 ;
1268 1377 1296 1440 si
1313 1376 1389 1440 nul·

264 1473 328 1536 lius
350 1470 556 1546 voluntatis,
579 1481 634 1535 est
657 1491 791 1554 quoque
815 1470 942 1534 nullius
965 1473 1112 1550 amoris:
1143 1473 1172 1535 si
1188 1472 1390 1536 ‘voluntatis

264 1567 455 1650 oppositae,
476 1575 530 1630 est
554 1567 670 1630 odium
694 1566 773 1630 loco
795 1568 931 1630 amoris.
977 1566 1147 1630 Interiora
1176 1587 1307 1644 eorum,
1332 1569 1389 1650 qui

263 1663 297 1726 in
316 1661 379 1727 tali
398 1661 560 1744 conjugio
574 1663 706 1738 vivunt,
723 1671 848 1726 contra
866 1682 903 1725 se
922 1670 1041 1726 mutuo
1056 1661 1226 1726 collidunt
1246 1671 1281 1726 et
1301 1681 1388 1745 pug-

263 1768 361 1834 nant,
381 1759 470 1822 sicut
492 1757 608 1822 solent
631 1758 701 1822 duo
723 1759 885 1839 opposita
907 1759 997 1821 inter
1016 1778 1064 1832 se,
1089 1767 1262 1841 utcunque
1285 1769 1389 1822 exte·

265 1855 354 1918 riora
373 1855 568 1917 retinentur
587 1863 623 1916 et
643 1853 806 1917 sedantur
825 1852 1088 1935 tranquillitatis
1106 1872 1229 1930 causa:
1255 1851 1390 1917 collisio

263 1958 299 2014 et
322 1968 439 2032 pugna
461 1948 658 2012 interiorum
682 1947 818 2010 illorum
841 1967 879 2010 se
902 1947 1035 2012 revelat
1058 1957 1138 2028 post
1161 1967 1278 2011 eorum
1297 1967 1388 2012 mor·

263 2055 356 2122 tem;
387 2044 596 2108 conveniunt
615 2052 653 2108 ut
677 2041 870 2124 plurimum,
890 2050 925 2106 et
951 2053 1034 2107 tunc
1054 2043 1220 2106 dimicant
1239 2044 1329 2108 inter
1352 2063 1389 2107 se

263 2141 352 2206 sicut
371 2139 503 2214 hostes,
523 2149 559 2204 et
578 2159 616 2202 se
635 2147 755 2202 mutuo
774 2137 963 2204 dilaniant:
989 2146 1097 2220 agunt
1116 2139 1207 2201 enim
1227 2148 1310 2202 tunc
1334 2157 1389 2202 se·

264 2235 413 2300 cundum
430 2243 561 2298 statum
578 2233 777 2298 interiorum
794 2253 941 2298 suorum.
985 2233 1122 2314 Pugnae
1138 2244 1175 2298 et
1191 2233 1389 2296 dilaniatio·

264 2351 325 2396 nes
337 2330 473 2396 illorum
486 2330 669 2412 aliquoties
681 2329 763 2394 mihi
775 2329 896 2394 datum
911 2337 965 2394 est
982 2329 1109 2404 videre,
1124 2339 1159 2393 et
1175 2329 1388 2412 quorundam

262 2423 386 2508 plenae
405 2433 504 2489 erant
523 2422 682 2488 vindieiis
701 2435 737 2490 et
756 2425 927 2490 saevitiis:
951 2425 1115 2489 interiora
1134 2425 1224 2488 enirn
1242 2423 1390 2506 cujusvis

263 2521 298 2584 in
317 2521 431 2586 altera
449 2521 522 2584 vita
541 2521 727 2586 mittuntur
744 2519 779 2584 in
798 2519 954 2595 liberum,
975 2539 1039 2584 nec
1058 2519 1203 2602 amplius
1223 2538 1388 2583 coercen-

263 2626 318 2680 tur
336 2617 381 2680 ab
399 2615 566 2690 extemis,
587 2624 726 2698 propter
743 2635 865 2680 causas
887 2616 922 2678 in
946 2615 1096 2693 mundo;
1130 2615 1273 2699 quisque
1295 2615 1387 2678 enim

264 2719 347 2776 tunc
368 2710 449 2774 talis
468 2719 522 2774 est
539 2710 649 2792 qualis
667 2720 722 2774 est
741 2710 896 2774 interius.

326 2806 423 2888 381·
454 2805 566 2870 Datur
588 2806 763 2888 quoddam
786 2807 897 2870 instar
918 2805 1045 2870 amoris
1068 2802 1271 2886 conjugialis
1297 2805 1389 2887 apud

264 2901 444 2983 quosdam,
465 2901 526 2964 sed
553 2921 660 2984 usque
686 2920 756 2964 non
778 2911 832 2966 est
860 2919 956 2964 amor
974 2898 1178 2982 conjugialis
1196 2899 1225 2962 si
1254 2918 1323 2962 non
1354 2901 1388 2962 in

264 3014 381 3060 amore
404 2995 486 3060 boni
513 3004 549 3060 et
577 2997 648 3060 veri
671 3005 772 3074 sunt;
796 3005 851 3060 est
864 3015 959 3060 amor
978 3015 1147 3078 apparens
1166 2995 1255 3058 sicut
1271 2993 1387 3075 conju-

264 3089 364 3171 gialis
382 3111 429 3154 ex
448 3089 600 3172 pluribus
618 3091 741 3166 causis,
759 3109 883 3172 nempe
902 3099 940 3152 ut
959 3090 1152 3153 serviantur
1170 3089 1274 3162 domi,
1293 3099 1331 3151 ut
1355 3089 1388 3151 in

264 3204 387 3250 securo
405 3187 486 3262 sint,
507 3185 562 3250 vel
586 3185 620 3248 in
638 3185 903 3268 tranquillitate,
923 3184 979 3248 vel
998 3186 1032 3247 in
1052 3185 1135 3256 otio.
1155 3183 1211 3247 vel
1232 3193 1269 3247 ut
1289 3184 1388 3246 mini-

264 3288 417 3344 strentur
436 3300 513 3344 cum
533 3299 602 3344 non
622 3280 711 3344 bene
728 3281 845 3344 valent
865 3290 901 3344 et
920 3289 1118 3353 senescunt,
1135 3277 1190 3342 vel
1208 3279 1253 3341 ob
1272 3299 1388 3342 curam

264 3373 447 3440 liberorum
464 3397 550 3458 quos
569 3387 707 3440 amant:
733 3377 934 3458 quibusdam
951 3385 1005 3438 est
1024 3371 1180 3438 coadium
1201 3394 1246 3437 ex
1267 3375 1390 3438 timore

264 3489 326 3552 pto
337 3469 494 3554 conjuge,
504 3491 565 3554 pro
576 3471 677 3546 lama,
689 3492 752 3553 pro
765 3471 864 3534 malis
879 3493 887 3548 ;
904 3470 1105 3554 quibusdam
1118 3469 1283 3532 lascivum
1296 3471 1388 3552 quod

263 3565 404 3631 inducit.
448 3566 560 3630 Amor
581 3565 784 3648 conjugialis
811 3567 917 3631 etiam
944 3565 1058 3630 differt
1085 3565 1175 3648 apud
1203 3562 1387 3646 conjuges;

263 3659 354 3742 apud
373 3681 477 3726 unum
496 3671 614 3744 potest
633 3681 709 3726 esse
728 3659 804 3744 plus
824 3661 894 3742 ejus
912 3671 971 3726 aut
991 3662 1113 3734 minus,
1133 3661 1223 3742 apud
1242 3659 1389 3724 alterum

264 3773 383 3838 parum
406 3766 467 3821 aut
491 3755 595 3836 nihil;
626 3765 663 3820 et
686 3755 765 3840 quia
783 3754 907 3830 differt,
928 3756 985 3820 uni
1009 3764 1127 3838 potest
1146 3775 1222 3820 esse
1242 3753 1389 3829 caelum,

264 3848 363 3914 alteri
382 3852 560 3916 infernum.

326 3943 535 4028 38²[prsm1.
558 3943 733 4010 Genuinus
746 3963 843 4009 amor
855 3943 1057 4028 conjugialis
1073 3955 1127 4010 est
1144 3945 1177 4008 in
1194 3943 1292 4010 caelo
1308 3945 1389 4010 inti-

265 4057 333 4114 mo,
350 4041 428 4122 quia
447 4041 562 4122 angeli
581 4041 626 4104 ibi
644 4041 678 4104 in
698 4039 858 4123 conjugio
876 4042 956 4106 boni
976 4053 1011 4106 et
1031 4043 1102 4106 veri
1122 4051 1224 4119 sunt;
1248 4050 1284 4105 et
1304 4062 1390 4123 quo·

265 4155 331 4218 que
357 4135 391 4198 in
415 4136 633 4214 innocentia:
667 4136 782 4218 angeli
805 4137 999 4200 inferiorum
1023 4137 1196 4201 caelorum
1220 4137 1326 4200 etiam
1356 4137 1390 4199 in

265 4249 382 4295 amore
405 4229 589 4313 conjugiali
612 4241 703 4307 sunt,
728 4231 789 4296 sed
813 4241 978 4314 quantum
1009 4233 1042 4296 in
1072 4233 1283 4308 innocentia,
1309 4252 1389 4298 nam

264 4345 361 4390 amor
384 4325 586 4409 coniugialia
610 4327 644 4392 in
673 4347 711 4391 se
734 4324 910 4410 :peilatus
933 4338 987 4392 est
1017 4337 1131 4392 status
1150 4328 1388 4406 innocentiae:

264 4432 476 4506 quapropter
497 4423 588 4486 inter
610 4421 785 4506 conjuges,
810 4424 866 4506 qui
893 4424 927 4486 in
951 4443 1068 4487 amore
1091 4423 1274 4506 conjugiali
1297 4433 1388 4499 sunt,

262 4513 413 4597 jucunda
429 4515 595 4582 caelestia
610 4527 714 4596 sunt;
738 4537 855 4581 coram
875 4517 997 4581 animis
1020 4515 1155 4582 illorum
1179 4527 1260 4582 sunt
1280 4537 1390 4600 paene

265 4611 394 4676 similes
417 4611 638 4678 innocentiae
662 4611 766 4686 lusus,
790 4613 878 4677 sicut
902 4613 992 4678 inter
1013 4611 1183 4688 infantes:
1208 4631 1287 4676 nam
1305 4611 1388 4676 nihil
