3350 5366
268 681 361 732 VITA
379 682 480 746 QUAE
497 682 618 734 Ducit*
631 683 689 736 AD*
700 683 856 736 CAELUM
874 684 957 735 NON
973 685 1249 740 mrFICtntlntn.
1296 695 1354 758 341

230 853 294 920 alis
320 861 386 931 est,
411 872 474 918 nec
499 861 557 918 ost
578 852 722 918 morans.
740 853 856 930 homo,
882 875 952 919 neo
971 856 1081 920 civilis
1104 856 1219 922 homo.
1265 857 1369 921 Narn'

229 949 371 1016 tunetsi
391 969 464 1012 non
480 949 620 1024 occidit,
640 957 749 1032 usq'ue
764 950 844 1014 odio
862 950 1223 1036 habetquemcunque
1240 954 1298 1035 qui
1319 973 1362 1017 se-

230 1045 383 1126 opponit,
401 1053 438 1108 et
454 1041 606 1108 vinditio
624 1045 767 1108 exodio
782 1045 906 1126 flagrat
923 1067 933 1124 ς
956 1043 1244 1129 quapropter'nisi
1260 1067 1355 1111 arce-

229 1145 307 1200 rent
335 1137 434 1202 illum
460 1138 558 1219 leges
581 1139 712 1213 civiles,
736 1159 776 1204 ac
806 1140 944 1204 vincula
973 1151 1131 1216 externa,
1160 1161 1253 1224 quae
1275 1151 1363 1205 sunt-

229 1231 380 1308 tunores,
397 1233 598 1311 occiderett
618 1233 684 1298 hou
701 1235 785 1316 quia
796 1237 902 1318 cupit,
917 1237 1073 1318 seqnitur
1086 1236 1177 1319 quod
1194 1237 1357 1300 continue

230 1327 378 1402 occidat.
423 1325 593 1410 Quamvis
610 1349 682 1395 non
698 1329 869 1394 adulteria
887 1331 1089 1406 committit,
1110 1351 1216 1414 usqne
1236 1341 1370 1394 tarnen-

230 1423 308 1502 quia
338 1421 434 1488 licita
461 1425 581 1498 crudit,
610 1433 782 1506 perpetuu
808 1424 950 1489 aduror
974 1435 1050 1504 est;
1083 1445 1163 1489 nam
1187 1436 1360 1508 quemme

230 1527 359 1599 potest,
391 1528 427 1582 et
457 1521 593 1602 quoties
628 1520 722 1595 licet,
750 1521 935 1584 commitit.
988 1520 1088 1586 Idem
1116 1522 1258 1584 tametsi
1285 1539 1355 1582 non

229 1612 370 1690 furatur,
391 1635 497 1697 usque
516 1625 637 1680 tamen
655 1617 735 1698 qnia
753 1616 896 1678 aliorum
916 1617 1008 1680 bona
1028 1618 1134 1698 cupit,
1155 1637 1195 1680 ac
1218 1617 1357 1680 fraudes

230 1719 266 1772 et
282 1711 393 1774 malas
404 1722 498 1775 artes
511 1731 581 1774 non
596 1722 720 1776 contra
732 1710 1040 1792 jurisprudentiam.
1048 1713 1223 1788 aestimat,
1239 1714 1356 1776 animo

230 1803 337 1870 furem
372 1807 539 1870 continuo
572 1807 657 1887 agit.
703 1804 868 1870 Similiter
900 1807 1014 1888 quoad
1045 1819 1234 1889 praecepta
1261 1810 1355 1871 vitae

231 1900 382 1974 moralis,
406 1921 493 1982 quae
517 1911 599 1964 sunt
630 1919 700 1964 non
723 1899 873 1982 prolerre
897 1901 1023 1964 salsum·
1043 1903 1293 1978 testimonium,
1317 1911 1356 1965 et

230 1995 473 2077 concupiscere
495 1995 589 2058 bona
611 1993 766 2058 aliorum.
812 1993 908 2058 Talis
935 2003 992 2060 est
1021 1997 1133 2060 omnis
1163 1997 1268 2059 homo
1297 1997 1354 2078 qui

231 2099 337 2171 negat
358 2089 530 2164 Divinum,
547 2099 583 2154 et
603 2091 743 2154 coinon
763 2111 809 2154 ex
829 2090 996 2170 religione
1010 2091 1124 2173 aliqua
1141 2092 1358 2154 conscientia

230 2193 295 2248 est.
340 2182 443 2266 Quod
468 2184 557 2248 tales
580 2187 661 2260 sint,
687 2195 831 2266 apparet
855 2185 1041 2253 manifeste
1061 2207 1107 2248 ex
1130 2186 1296 2248 similibus
1320 2187 1356 2250 in

231 2279 342 2344 altera
364 2281 449 2355 vita,
469 2299 576 2362 quum.
595 2280 721 2344 ablatis
744 2281 901 2344 externis
923 2282 957 2344 in
981 2281 1119 2344 interna
1141 2301 1202 2343 sua
1224 2282 1354 2344 immit-

231 2383 370 2452 tuntur3
395 2383 476 2438 tune
496 2375 576 2456 quia
592 2375 742 2456 separati
760 2385 843 2438 sunt
862 2396 882 2438 a
900 2375 1010 2448 caelo,
1029 2393 1131 2438 unum
1150 2385 1258 2456 agunt
1277 2390 1354 2438 cum

230 2469 381 2546 inferum
405 2490 510 2552 quare
526 2469 605 2543 illis,
623 2470 681 2551 qui
696 2469 742 2532 ibi
758 2479 850 2544 sunt,
867 2471 1120 2534 consociantur.
1165 2469 1282 2532 Aliter
1299 2471 1361 2551 qui.

231 2565 335 2628 corde
354 2573 574 2646 agnoverunt
595 2564 768 2640 Divinum,
789 2575 825 2628 et
844 2567 878 2627 in
898 2562 985 2628 attis
1005 2565 1096 2628 vitae
1116 2585 1199 2628 suae
1217 2561 1368 2647 spetiei-¹

229 2671 353 2726 verunt
382 2659 426 2722 ad
457 2658 554 2740 leges
579 2659 732 2735 Divitias,
758 2669 794 2722 et
821 2659 1009 2722 secundum
1033 2660 1100 2722 tria
1122 2660 1231 2741 prima
1255 2679 1354 2740 prae·

230 2764 333 2836 cepta
356 2753 516 2836 decalogi
539 2773 649 2834 aeque
678 2773 717 2816 ac
746 2754 935 2822 secundum
956 2752 1087 2835 reliqua
1110 2763 1274 2835 egerunt3
1305 2753 1371 2816 illi.

231 2867 307 2922 cum
324 2851 357 2912 in
374 2851 510 2913 interna
525 2869 591 2912 sua
599 2847 726 2912 ablatis
740 2849 896 2912 externis
909 2848 1153 2933 immittuntur,
1168 2850 1355 2930 sapientio-

230 2965 286 3007 res
300 2955 379 3008 sunt
396 2964 497 3027 quam
516 2945 550 3007 in
570 2944 717 3008 mundo:
749 2943 830 3006 dum
849 2945 882 3008 in
902 2945 1038 3008 interna
1053 2963 1114 3008 sua
1129 2945 1283 3017 veniunt,
1301 2954 1357 3008 est

230 3041 320 3104 siout
337 3040 385 3102 ab
397 3040 520 3103 umbra
536 3040 573 3102 in
590 3038 715 3114 lucem,
740 3039 785 3102 ab
803 3038 1003 3120 ignorantie
1022 3040 1057 3102 in
1080 3039 1299 3120 sapientiam,
1319 3047 1369 3102 et·

230 3155 252 3197 a
274 3136 364 3198 trlsti
384 3136 457 3198 vita
486 3135 520 3198 in
547 3134 699 3208 beatam,
719 3135 882 3215 quoniam
911 3134 947 3196 in
974 3133 1102 3196 Divino
1130 3143 1221 3208 sunt,
1241 3133 1291 3196 ita
1320 3133 1355 3196 in

231 3228 339 3292 caelo.
385 3229 484 3292 Haec
512 3226 605 3292 dieta
632 3238 723 3304 sunt,
745 3238 782 3292 ut
812 3230 951 3304 sciatur,
980 3227 1091 3308 qualis
1119 3247 1205 3290 unus
1235 3236 1290 3290 est
1318 3237 1356 3292 et

230 3323 340 3406 qualis
362 3325 462 3400 alter,
483 3324 628 3387 tametsi·
648 3323 751 3386 ambo
769 3323 915 3408 similem
934 3323 1042 3386 vitam
1065 3331 1248 3386 externam
1272 3341 1354 3403 ege·

230 3429 320 3483 runt.

293 3524 390 3596 532.
420 3510 576 3594 Quisque
589 3512 677 3576 scire
696 3521 826 3593 potest,
844 3513 937 3594 quod
954 3512 1189 3592 cogitationes
1203 3511 1356 3576 ferantur

230 3619 266 3673 et
290 3610 437 3673 tendant
457 3608 644 3670 &cundum
664 3608 888 3682 intentiones,
908 3627 974 3672 seu
992 3606 1073 3672 illuc
1093 3627 1160 3689 quo
1179 3605 1284 3670 homo
1302 3607 1354 3668 in-

230 3707 363 3776 tendit:
395 3713 449 3768 est
473 3705 564 3766 enim
588 3704 759 3784 cogitatio
776 3704 869 3766 visus
888 3702 1038 3768 hominis
1054 3703 1220 3777 internus,
1238 3702 1294 3783 qui
1317 3723 1354 3766 se

230 3801 388 3868 similiter
406 3799 514 3864 habet
533 3799 620 3862 sicut
640 3799 730 3861 uisus
749 3805 928 3871 externus,
947 3797 1039 3879 quod
1070 3817 1112 3860 eo
1135 3806 1291 3860 vertatur
1319 3804 1356 3858 et

230 3897 278 3960 ibi
307 3905 458 3958 moretur
480 3915 548 3976 quo
570 3890 718 3956 flectitur
745 3902 783 3958 et
812 3893 1013 3956 intenditur.
1059 3891 1094 3956 Si
1123 3893 1239 3974 itaque
1262 3892 1357 3956 visus

230 3991 385 4054 internus
401 4010 461 4052 seu
477 3989 646 4070 cogitatio
662 3987 808 4052 uertitur
823 3988 866 4052 ad
885 3987 1060 4062 mundum,
1077 3993 1114 4050 et
1130 3987 1176 4048 ibi
1191 3995 1354 4058 moratur,

230 4087 383 4168 sequitur
401 4085 492 4166 quod
509 4083 680 4165 cogitatio
695 4081 757 4146 fiat
771 4083 965 4159 mundanam
989 4083 1016 4146 si
1035 4082 1180 4146 vertitur
1199 4081 1242 4144 ad
1262 4097 1298 4142 se
1317 4088 1355 4142 et

231 4181 281 4243 sui
311 4181 490 4252 honorem,
511 4178 602 4260 quod
632 4177 693 4242 fiat
720 4195 908 4259 corporea;
937 4177 967 4240 si
994 4186 1109 4242 autem
1138 4175 1182 4238 ad
1208 4173 1353 4248 caelum,

230 4275 323 4358 qnod
339 4274 398 4337 liat
417 4273 599 4351 caelestis3
623 4272 766 4354 proinde
782 4273 810 4334 si
829 4271 873 4336 ad
893 4271 1041 4344 caelum,
1060 4271 1151 4352 quod
1171 4269 1353 4346 elevetun3

232 4371 261 4432 si
279 4371 323 4432 ad
342 4379 465 4441 semet,
485 4368 577 4450 quod
597 4367 792 4432 retrahatur
811 4387 831 4430 a
849 4366 960 4440 caelo,
980 4375 1016 4428 et
1036 4365 1261 4445 immergatur
1277 4381 1369 4436 (ιον-ι

232 4485 357 4548 poroo;
381 4465 464 4527 etsi
486 4464 530 4527 ad
550 4463 726 4536 mundum,
745 4462 836 4546 quod
855 4462 959 4527 etiam
976 4457 1178 4527 deflectatur
1200 4479 1220 4522 a
1243 4455 1353 4532 caelo,

231 4573 267 4624 et
285 4561 492 4624 diffundatur
508 4559 552 4629 ad
569 4557 627 4620 illa
644 4577 729 4638 quae
746 4567 827 4618 ante
844 4555 963 4618 oculos
981 4563 1070 4616 sunt.
1115 4553 1226 4616 Amor
1241 4551 1367 4626 homi·¹

225 4657 284 4744 ‚nis
316 4665 370 4718 est
399 4654 455 4735 qui
484 4652 567 4718 lacit
592 4652 834 4726 intentionem,
859 4661 894 4716 et
922 4649 980 4732 qui
1005 4649 1215 4714 determinat
1243 4649 1352 4712 visum
