3350 5366
260 643 369 696 NEMO
381 646 951 700 EX1MMEnlnTAnnsuntconn1n
960 649 999 700 lN
1010 649 1166 702 CAELUM
1176 651 1303 702 VENl'l'.
1318 653 1378 722 335

323 831 420 903 5¹5.
452 819 619 903 Plerique,
649 821 705 904 qui
738 839 785 885 ex
818 819 1016 886 Christiano
1046 821 1130 886 orbe
1162 821 1196 884 in
1227 821 1379 902 alteram

257 915 367 978 vitam
390 915 544 990 veniunt,
569 935 685 980 secum
715 915 812 978 illam
833 914 936 980 fidem
959 915 1083 990 ierunt,
1107 917 1200 999 quod
1223 915 1380 982 salvandi

257 1009 328 1074 sint
346 1029 393 1072 ex
412 1010 612 1074 immediata
631 1011 877 1086 misericordia,
894 1029 975 1073 nam
991 1011 1085 1074 lllam
1105 1010 1293 1092 implorant
1310 1031 1318 1091 ;
1342 1022 1379 1077 at

257 1123 334 1168 cum
350 1105 524 1186 explorati
540 1115 631 1179 sunt,
646 1115 862 1188 compertum
878 1115 943 1180 est,
957 1106 1050 1188 quod
1065 1107 1272 1170 crediderint
1286 1107 1380 1190 quod

198 1197 201 1204 ’
256 1201 374 1264 venire
389 1201 424 1263 in
444 1200 578 1264 caelum
597 1201 642 1264 sit
659 1200 770 1264 solum
790 1201 942 1276 admitti,
962 1209 998 1264 et
1021 1201 1113 1282 quod
1129 1201 1185 1283 qui
1204 1201 1379 1266 intromit-

257 1307 387 1371 tuntur,
405 1296 439 1358 in
464 1296 592 1377 gaudio
611 1294 755 1359 caelesti
785 1296 875 1374 sint;
907 1313 1046 1378 prorsus
1075 1297 1272 1360 nescientes
1298 1296 1379 1378 quid

256 1390 400 1466 caelum,
413 1399 450 1454 et
467 1390 545 1472 quid
559 1391 722 1472 gaudium
734 1390 897 1454 caeleste.
942 1387 1162 1472 Quapropter
1174 1390 1240 1454 illis
1251 1387 1380 1456 dictum

255 1495 321 1559 est,
335 1485 427 1568 quod
442 1505 463 1548 a
480 1485 630 1550 Domino
646 1485 772 1548 nemini
789 1485 924 1549 caelum
936 1493 1093 1567 negetur,
1110 1495 1146 1549 et
1161 1486 1253 1568 quod
1269 1487 1378 1550 intro·

257 1581 348 1644 mitti
364 1589 493 1662 queant
512 1579 539 1642 si
558 1580 769 1654 desiderant,
786 1589 822 1644 et
842 1599 978 1662 quoque
996 1580 1041 1643 ibi
1060 1582 1194 1644 morari.
1239 1579 1305 1656 Illi,
1322 1581 1379 1664 qui

255 1675 321 1738 hoc
343 1675 595 1750 desiderabant,
620 1675 725 1737 etiam
744 1675 884 1738 admissi
904 1683 1004 1753 sunt;
1029 1675 1090 1738 sed
1111 1693 1190 1738 cum
1211 1677 1244 1766 ip
1269 1676 1379 1758 primo

256 1770 373 1834 limine
392 1777 503 1845 erant,
523 1791 568 1833 ex
594 1767 712 1832 afflatu
731 1769 857 1832 caloris
876 1770 1050 1844 caelestis,
1071 1771 1127 1852 qui
1151 1779 1205 1833 est
1224 1791 1324 1834 amor·
1344 1771 1378 1834 in

256 1885 323 1948 quo
347 1873 426 1928 sunt
449 1865 575 1946 angeli,
596 1873 631 1929 et
661 1881 708 1928 ex
737 1863 869 1928 influxu
898 1863 983 1928 lucis
1012 1865 1185 1938 caelestis,
1206 1885 1294 1948 quae
1323 1875 1378 1930 est

257 1959 417 2023 Divinum
435 1977 565 2035 verum,
585 1959 734 2042 correpti
750 1967 829 2022 sunt
848 1977 978 2042 angore
997 1959 1110 2022 cordis
1130 1959 1204 2036 tali,
1225 1969 1261 2024 ut
1284 1961 1317 2024 in
1341 1981 1378 2024 se

255 2055 444 2118 cruciatum
461 2053 663 2118 infernalem
682 2054 762 2116 loco
780 2053 897 2136 gaudii
912 2053 1075 2118 caelestis
1093 2055 1378 2136 apperceperint;

172 2139 175 2144 ’
255 2169 300 2212 ex
320 2170 388 2234 quo
407 2148 565 2231 perculsi,
583 2149 789 2231 praecipites
812 2169 849 2213 se
868 2149 949 2212 inde
967 2148 1199 2230 conjecerunt.
1245 2150 1300 2214 lta
1319 2171 1379 2232 per

255 2245 367 2308 vivam
391 2245 640 2326 experientiam
664 2241 821 2308 instrudti
844 2253 935 2320 sunt,
959 2245 1052 2328 quod
1082 2263 1151 2308 non
1180 2244 1283 2310 alicui
1306 2246 1378 2310 dari

258 2342 368 2422 possit
388 2340 520 2404 caelum
541 2361 586 2402 ex
605 2340 805 2403 immediata
824 2340 1065 2404 misericordia.

313 2435 413 2515 5²6.
443 2434 598 2499 Locutus
613 2453 687 2498 sum
707 2434 913 2518 quandoque
932 2434 1059 2499 dehac
1078 2453 1118 2498 re
1134 2453 1211 2498 cum
1230 2435 1377 2518 angelis,

255 2539 290 2593 et
312 2529 385 2592 dixi
408 2531 499 2612 quod
523 2530 674 2612 plerique
703 2531 737 2592 in
760 2529 900 2604 mundo,
925 2531 1039 2612 quiin
1071 2530 1163 2594 malo
1189 2531 1319 2604 vivunt,
1341 2541 1378 2595 et

255 2643 333 2688 cum
350 2623 425 2687 aliis
441 2624 484 2688 de
501 2624 599 2688 caelo
611 2633 647 2687 et
667 2625 711 2688 de
730 2625 802 2687 vita
818 2633 961 2688 aeterna
975 2623 1171 2706 loquuntur,
1185 2643 1255 2687 non
1275 2624 1378 2690 aliter

255 2717 383 2794 dicant,
404 2737 506 2800 quam
526 2718 618 2801 quod
637 2719 754 2782 venire
777 2720 811 2781 in
830 2718 963 2782 caelum
983 2719 1028 2781 sit
1052 2718 1157 2782 modo
1175 2718 1313 2782 admitti
1331 2739 1378 2783 ex

255 2813 330 2877 sola
352 2813 606 2892 misericordia;
641 2823 677 2886 et
700 2813 793 2896 quod
812 2813 977 2894 imprimis
1003 2811 1053 2875 illi
1083 2811 1117 2876 id
1144 2814 1301 2889 credant,
1321 2815 1378 2896 qui

256 2907 358 2973 fidem
381 2909 510 2973 faciunt
533 2909 671 2972 unicum
694 2908 815 2972 salutis
838 2908 1007 2971 medium:
1043 2925 1123 2972 nam
1146 2907 1194 2972 illi
1216 2927 1262 2972 erc
1285 2911 1376 2992 prin-

255 3005 344 3088 cipio
367 3004 543 3086 religionis
562 3024 643 3066 suae
666 3023 735 3067 non
759 3001 920 3086 spectant
943 3005 986 3066 ad
1010 3003 1129 3078 vitam,
1153 3003 1257 3068 etad
1280 3021 1376 3068 amo·

239 3101 300 3172 ¹ris
322 3097 413 3164 satta
435 3119 522 3182 quae
544 3098 672 3162 faciunt
694 3099 815 3173 vitam,
839 3099 887 3162 ita
909 3119 973 3162 nec
1003 3099 1048 3161 ad
1079 3098 1146 3162 alia
1170 3098 1292 3173 media,
1317 3117 1378 3180 per

255 3215 342 3277 quae
370 3192 537 3257 Dominus
563 3193 652 3256 indit
678 3193 810 3258 homini
839 3193 984 3269 caelum,
1012 3201 1050 3256 et
1077 3192 1159 3256 iacit
1189 3202 1226 3256 ut
1256 3211 1377 3274 recep-

255 3289 361 3352 tibilis
384 3289 428 3354 sit
458 3287 573 3370 gaudii
596 3287 778 3367 caelestis;
812 3298 848 3352 et
878 3288 958 3370 quia
987 3287 1035 3352 sic
1065 3305 1168 3350 omne
1187 3287 1377 3350 mediatum

256 3381 390 3449 actuale
420 3381 587 3464 rejiciunt,
611 3395 656 3447 ex
686 3383 897 3446 necessitate
920 3381 1074 3465 principii
1097 3391 1255 3445 statuunt
1284 3383 1377 3464 quod

255 3479 361 3543 homo
388 3479 421 3542 in
451 3477 586 3543 caelum
608 3479 725 3541 veniat
759 3497 804 3540 ex
838 3476 913 3540 sola
936 3476 1176 3549 misericordia,
1201 3476 1245 3538 ad
1274 3495 1378 3558 quam

257 3571 368 3638 Deum
392 3573 529 3636 Patrem
554 3571 700 3636 credunt
728 3591 789 3654 per
812 3571 1097 3636 intercessionem
1122 3569 1198 3633 Filii
1222 3589 1376 3636 commo-

254 3669 335 3732 veri.
380 3667 439 3732 Ad
469 3669 554 3731 haec
578 3665 693 3749 angeli
724 3667 897 3740 dixerunt,
922 3666 1013 3748 quod
1043 3667 1155 3728 sciant
1185 3665 1277 3746 quod
1306 3665 1377 3730 tale

255 3763 383 3846 dogma
402 3772 566 3845 sequatur
583 3783 629 3825 ex
648 3763 858 3826 necessitate
880 3781 901 3824 a
923 3769 1027 3844 capto
1045 3759 1212 3846 principio
1235 3760 1279 3822 de
1302 3760 1377 3824 sola

255 3857 341 3938 fide;
365 3867 401 3923 et
418 3859 496 3941 quia
511 3857 545 3922 id
561 3857 691 3938 dogma
707 3865 760 3920 est
777 3865 881 3937 caput
896 3855 1116 3938 reliquorum,
1133 3855 1168 3918 in
1183 3854 1286 3936 quod,
1299 3857 1378 3936 quia

256 3973 324 4018 non
341 3965 396 4018 est
408 3971 535 4028 verum,
550 3972 620 4015 non
633 3952 746 4034 aliqua
759 3950 819 4013 lux
836 3971 855 4014 e
871 3949 969 4014 caelo
985 3948 1125 4012 influere
1137 3959 1267 4030 potest,
1285 3950 1376 4030 quod
1393 4001 1396 4008 .

255 4049 334 4113 inde
353 4049 398 4112 sit
416 4047 623 4129 ignorantia,
641 4049 673 4110 in
693 4067 760 4129 qua
779 4045 927 4109 ecclesia
944 4044 1047 4108 hodie
1066 4053 1130 4117 est,
1151 4043 1195 4105 de
1214 4041 1375 4118 Domino,

255 4146 298 4208 de
326 4143 434 4218 caelo,
464 4141 506 4204 de
535 4143 610 4205 vita
634 4151 715 4223 post
743 4150 903 4214 mortem,
928 4139 971 4203 de
1000 4139 1127 4221 gaudio
1157 4135 1312 4212 caelesti,
1333 4138 1376 4200 de

256 4240 408 4303 essentia
427 4239 552 4302 amoris
572 4247 608 4301 et
627 4237 816 4311 charitatis,
837 4243 872 4298 et
893 4235 926 4298 in
946 4253 1073 4316 genere
1089 4233 1133 4296 de
1151 4232 1257 4306 bono,
1276 4232 1376 4298 etde

255 4333 326 4416 ejus
342 4331 581 4416 conjunctione
597 4351 674 4397 cum
691 4353 784 4406 vero,
802 4330 944 4412 proinde
960 4329 1003 4392 de
1019 4329 1091 4391 vita
1109 4327 1267 4403 hominis,
1285 4329 1376 4393 unde

254 4439 319 4506 est,
336 4438 372 4494 et
387 4429 497 4512 qualis
512 4437 566 4492 est
580 4449 588 4507 ;
611 4448 698 4511 quae
714 4435 832 4490 tamen
848 4441 1015 4508 nusquam
1031 4422 1131 4486 alicui
1147 4430 1201 4485 est
1217 4441 1262 4484 ex
1280 4423 1375 4504 cogi-

256 4527 401 4600 tatione,
421 4525 482 4587 sed
505 4545 551 4588 ex
574 4523 756 4586 voluntate
779 4529 815 4583 et
838 4519 917 4582 inde
940 4515 1049 4592 iactis,
1069 4526 1106 4580 et
1126 4516 1217 4600 quod
1237 4525 1374 4581 tantum

256 4642 300 4684 ex
331 4619 555 4702 cogitatione,
580 4626 745 4701 quantum
769 4613 938 4697 cogitatio
961 4609 1068 4677 trahit
1098 4631 1144 4676 ex
1170 4609 1373 4690 voluntate3
