3408 5358
370 679 483 732 HOMO
502 679 593 730 POST
613 677 776 730 MORTEM
796 677 864 728 EST
884 677 924 728 lN
945 675 1079 728 FORMA
1098 675 1278 727 HUMANA.
1331 675 1393 746 277

273 871 338 936 que
357 848 501 934 angelus
524 848 569 912 sit
592 847 626 912 in
653 844 805 931 perfecta
822 843 932 912 forma
949 846 1100 910 humana
1120 843 1167 928 (n.
1187 843 1329 930 73-77);
1356 853 1394 912 et

272 946 364 1030 quod
383 945 611 1028 unusquisque
623 943 729 1008 homo
744 945 789 1008 sit
805 943 942 1026 spiritus
958 941 1071 1024 quoad
1088 941 1252 1006 interiora
1268 961 1329 1004 sua
1344 939 1392 1024 (n.

271 1038 457 1124 432-444);
480 1049 517 1103 et
535 1037 627 1123 quod
646 1037 761 1120 angeli
779 1038 813 1102 in
832 1037 929 1102 caelo
947 1038 1017 1102 sint
1035 1059 1081 1100 ex
1099 1036 1249 1102 humano
1265 1056 1392 1119 genere

275 1135 321 1218 (n.
348 1132 520 1218 311-317).
566 1133 644 1198 Hoc
668 1133 779 1198 adhuc
802 1132 925 1196 clarius
947 1153 993 1196 ex
1025 1153 1069 1196 eo
1091 1141 1209 1214 potest
1232 1131 1390 1214 perspici,

272 1231 364 1316 quod
383 1231 488 1296 homo
507 1231 552 1294 sit
575 1230 680 1295 homo
703 1251 749 1294 ex
773 1249 835 1292 suo
858 1229 988 1310 spiritu,
1008 1237 1045 1292 et
1063 1247 1132 1290 non
1155 1248 1201 1292 ex
1224 1247 1390 1312 corpore;

273 1336 308 1391 et
342 1325 433 1410 quod
466 1344 632 1406 corporea
653 1325 762 1389 forma
795 1325 841 1388 sit
876 1321 1011 1404 adjecta
1041 1324 1174 1406 spiritui
1203 1324 1393 1388 secundum

272 1421 343 1504 ejus
361 1421 517 1496 sormam,
538 1431 574 1485 et
603 1440 671 1484 non
694 1421 867 1497 vicissim;
902 1438 982 1482 nam
1001 1419 1139 1502 spiritus
1166 1418 1306 1484 indutus
1336 1429 1391 1484 est

272 1537 414 1600 corpore
433 1517 622 1580 secundum
640 1535 736 1579 suam
755 1514 917 1579 sormam:
942 1525 1151 1598 quapropter
1169 1515 1308 1597 spiritus
1327 1513 1390 1578 ho·

272 1614 371 1676 minis
394 1613 467 1694 agit
494 1613 530 1674 in
557 1611 703 1693 singula,
732 1611 837 1674 immo
866 1612 900 1673 in
930 1610 1200 1692 singularissima
1224 1612 1389 1693 corporis,

271 1727 376 1790 usque
395 1709 494 1783 adeo,
512 1717 551 1770 ut
569 1726 647 1789 pars
666 1726 754 1790 quae
770 1725 839 1768 non
858 1706 971 1787 agitur
993 1725 1013 1767 a
1032 1706 1163 1788 spiritu,
1183 1725 1242 1768 seu
1266 1707 1300 1768 in
1324 1725 1392 1790 qua

272 1823 341 1866 non
364 1812 418 1866 est
436 1803 573 1884 spiritus
592 1821 712 1884 agens,
733 1821 801 1864 non
824 1802 929 1864 vivat.
975 1797 1079 1882 Quod
1102 1800 1152 1864 ita
1174 1801 1227 1875 sit,
1248 1802 1390 1884 quisque

270 1907 388 1980 potest
407 1899 494 1961 scire
517 1917 562 1959 ex
585 1917 628 1960 eo
650 1895 736 1971 solo,
756 1896 847 1978 quod
868 1895 1039 1977 cogitatio
1061 1904 1097 1962 et
1120 1896 1283 1960 voluntas
1305 1905 1389 1978 agat

270 1993 385 2055 omnia
404 2001 440 2056 et
460 1992 596 2074 singula
614 1992 777 2074 corporis,
797 1992 846 2054 ita
865 2010 1002 2073 prorsus
1021 1991 1065 2054 ad
1084 2011 1180 2054 suum
1200 1999 1319 2054 nutum
1349 2001 1387 2056 ut
1455 2028 1458 2038 =

271 2087 354 2151 nihil
377 2106 447 2150 non
470 2096 663 2162 concurrat,
687 2095 723 2150 et
750 2086 842 2168 quod
865 2105 934 2149 non
954 2086 1125 2149 concurrit
1149 2105 1218 2148 non
1242 2086 1287 2150 sit
1310 2103 1390 2168 pars
1433 2084 1437 2092 '

270 2183 422 2264 corporis
436 2202 444 2260 ;
467 2181 597 2264 ejicitur
612 2182 718 2245 etiarn
734 2182 822 2244 sicut
838 2181 872 2244 in
889 2201 955 2264 qua
974 2199 1043 2244 non
1059 2181 1195 2243 vivum:
1220 2182 1390 2263 cogitatio

269 2287 305 2342 et
323 2277 486 2342 voluntas
504 2286 584 2340 sunt
603 2277 743 2358 spiritus
757 2267 918 2350 ¹hominis,
935 2285 972 2340 et
991 2295 1060 2339 non
1079 2277 1240 2358 corporis.
1286 2273 1388 2358 Quod

269 2373 407 2454 spiritns
423 2391 492 2435 non
511 2381 675 2454 appareat
695 2371 826 2434 homini
844 2371 879 2434 in
897 2369 1006 2434 forma
1024 2369 1184 2445 humana,
1206 2381 1390 2454 postquam

269 2467 403 2532 solutus
421 2476 476 2530 est
498 2487 520 2530 a
538 2486 691 2548 corpore,
711 2485 774 2530 nec
798 2466 832 2528 in
856 2465 967 2530 altero
986 2465 1135 2541 homine,
1156 2476 1210 2529 est
1233 2469 1312 2549 quia
1334 2487 1389 2530 or·

269 2581 397 2644 ganum
420 2563 512 2625 visus
530 2563 682 2644 corporis
712 2581 773 2624 seu
802 2561 873 2642 ejus
896 2561 1024 2635 oculus,
1044 2569 1211 2643 quantum
1234 2562 1329 2626 videt
1355 2563 1389 2624 in

270 2657 410 2732 mundo,
434 2667 488 2721 est
512 2657 710 2732 materialis,
730 2667 766 2720 et
790 2655 968 2720 materiale
991 2676 1060 2720 non
1079 2657 1174 2720 videt
1198 2657 1262 2720 nisi
1286 2675 1390 2740 quam

269 2751 460 2827 materiale,
480 2760 517 2814 at
540 2752 717 2832 spirituale
735 2751 832 2815 videt
851 2751 1047 2833 spirituale3
1078 2761 1289 2835 quapropter
1311 2771 1389 2816 cum

269 2847 449 2911 materiale
477 2847 567 2910 oculi
593 2846 774 2911 obvelatur
803 2867 844 2911 ac
874 2848 1027 2928 privatur
1055 2867 1117 2911 sua
1143 2849 1389 2929 cooperatione

269 2959 346 3004 cum
366 2941 545 3024 spirituali,
564 2951 646 3007 tunc
670 2951 838 3026 apparent
858 2943 997 3025 spiritus
1020 2942 1054 3006 in
1079 2962 1140 3006 sua
1162 2943 1281 3016 forma,
1301 2961 1389 3026 quae

269 3046 323 3100 est
343 3034 542 3116 ¹¹¹humana;
566 3057 636 3102 non
655 3037 767 3102 solum
786 3039 924 3120 spiritus
939 3038 996 3120 qui
1018 3039 1052 3100 in
1076 3039 1204 3102 mundo
1220 3039 1389 3122 spirituali

268 3141 361 3208 sunt,
381 3132 443 3196 sed
466 3133 572 3197 etiam
594 3133 731 3215 spiritus
754 3134 811 3216 qui
836 3134 870 3196 in
893 3132 1005 3196 altero
1028 3133 1109 3196 dum
1131 3132 1244 3197 adhuc
1268 3134 1302 3196 in
1326 3155 1389 3198 suo

269 3243 412 3308 corpore
430 3237 495 3292 est.

331 3337 432 3406 454.
459 3321 561 3404 Quod
580 3322 689 3386 forma
707 3323 846 3404 spiritus
865 3323 910 3386 sit
929 3323 1037 3387 forma
1055 3323 1216 3398 humana,
1236 3333 1290 3388 est
1310 3325 1389 3408 quia

268 3417 374 3480 homo
392 3418 505 3500 quoad
528 3419 684 3499 spiritum
708 3437 805 3481 suum
824 3427 958 3481 creatus
980 3428 1034 3482 est
1057 3419 1101 3482 ad
1124 3418 1269 3482 sormam
1289 3419 1387 3494 caeli,

269 3530 348 3574 narn
368 3513 483 3576 omnia
501 3511 587 3576 caeli
609 3523 645 3577 et
668 3512 739 3594 ejus
761 3513 890 3576 ordinis
913 3515 947 3576 in
970 3513 1030 3576 illa
1048 3533 1135 3596 quae
1158 3524 1238 3579 sunt
1262 3516 1387 3578 mentis

268 3605 416 3670 hominis
432 3607 561 3672 collata
574 3617 655 3672 sunt
669 3605 721 3686 3ls)
735 3609 824 3672 unde
837 3609 885 3671 illi
901 3607 1047 3672 facultas
1059 3609 1242 3691 recipiendi
1258 3609 1387 3675 intelli·

268 3701 423 3782 gentiam
445 3711 481 3766 et
505 3701 720 3783 sapientiam.
764 3701 843 3766 Sive
866 3703 961 3766 dicas
983 3703 1184 3768 facultatem
1203 3705 1388 3787 recipiendi

267 3795 536 3878 intelligentiam
554 3806 590 3860 et
610 3799 827 3878 sapientiam,
844 3799 916 3862 sive
935 3799 1031 3862 dicas
1046 3799 1248 3863 facultatem
1264 3800 1386 3883 recipi-

268 3890 348 3954 endi
366 3889 513 3967 caelum,
532 3891 623 3955 idem
646 3901 721 3970 est;
751 3901 789 3956 ut
812 3902 974 3957 constare
992 3903 1111 3976 potest
1142 3915 1187 3957 ex
1210 3894 1276 3956 illis
1299 3915 1387 3977 quae

657 4119 706 4171 [(ικ
719 4129 817 4162 annuus
829 4121 1000 4172 mummi]

322 4217 373 4288 (s)
399 4215 489 4290 Quod
501 4219 595 4276 homo
606 4219 654 4284 sit,
668 4237 698 4274 in
717 4237 807 4292 quem
820 4223 922 4276 omnia
934 4223 1048 4278 ordinis
1066 4221 1168 4278 Divini
1184 4224 1295 4278 collata
1306 4231 1386 4284 sunt.

267 4297 299 4342 et
317 4288 398 4358 quod
420 4304 456 4344 ex
478 4291 629 4346 creatione
647 4291 687 4346 sit
707 4290 835 4348 Divinus
854 4293 931 4348 ordo
956 4293 985 4346 in
1011 4293 1108 4348 lorma
1130 4295 1170 4364 (n.
1189 4308 1268 4364 4219,
1286 4293 1387 4428 42on

266 4357 449 4496 &gang
461 4373 540 4430 4523,
552 4375 632 4432 4524
647 4375 724 4432 5¹¹4·
740 4364 816 4433 5368,
830 4363 908 4432 6013.
921 4363 1003 4433 6057,
1015 4363 1094 4434 6605,
1107 4364 1186 4428 6626,
1200 4365 1278 4433 9706,
1292 4379 1337 4419 101
1344 4377 1358 4434 ς

269 4571 274 4582 Ι
320 4499 409 4624 §puori
423 4512 567 4586 qpantum
582 4503 674 4560 homo
684 4504 759 4560 vivit
771 4505 936 4560 secundum
953 4503 1095 4560 Divinum
1109 4506 1254 4568 ordinem.
1267 4516 1386 4562 tantum

268 4585 297 4622 m
313 4587 331 4624 a
342 4582 407 4628 tera
419 4581 482 4628 vita
496 4584 637 4646 appareat
652 4585 685 4631 ut
701 4576 794 4631 homo
807 4574 957 4648 perlectus
972 4587 1003 4632 et
1019 4576 1144 4647 pulcher
1160 4578 1201 4646 (n.
1214 4577 1293 4648 4839,
1307 4577 1386 4648 6605,

267 4639 358 4710 ⁶62⁶).
