3408 5358
321 611 383 680 272
643 609 694 661 os
717 608 843 661 cinno
866 609 914 658 ετ
937 607 1118 660 mrnnno.

321 779 415 846 duni
433 799 456 845 a
477 779 605 862 spiritu
630 777 669 850 in
697 778 802 848 alium
823 777 949 854 locum
980 797 1059 842 narn
1082 778 1164 842 dum
1188 787 1334 862 perstat,
1359 779 1441 844 nihii

320 874 505 941 reflthitur
516 895 617 958 super
629 869 731 952 viam,
743 885 779 939 et
794 873 860 940 hoc
876 875 949 938 sive
964 874 1054 940 soret
1066 873 1213 957 plurium
1226 874 1420 940 milliarium
1433 897 1441 952 ;

320 991 383 1036 nec
406 969 593 1036 reflectitur
614 990 716 1054 super
737 979 886 1051 tempus,
906 971 978 1034 sive
1000 969 1089 1034 soret
1113 969 1259 1052 plurium
1282 969 1440 1034 horarum

320 1075 380 1131 aut
402 1067 554 1145 dierum;
588 1084 652 1130 nec
674 1065 834 1147 fatigatio
861 1063 932 1128 ulla
955 1065 1167 1148 percipitur3
1199 1073 1282 1129 tunc
1306 1084 1440 1148 quoque

319 1161 455 1226 ducitur
472 1181 533 1244 per
550 1161 625 1225 vias
641 1180 726 1243 quas
743 1161 817 1242 ipse
835 1159 984 1242 ignorat,
1004 1180 1109 1242 usque
1129 1159 1173 1222 ad
1193 1158 1306 1223 locurn
1326 1160 1439 1242 desig-

320 1265 450 1332 natum,
471 1257 603 1338 absque
618 1275 744 1319 errore.

381 1365 479 1434 442.
509 1347 577 1413 Sed
598 1349 634 1413 hi
663 1349 733 1413 bini
752 1357 865 1414 status
883 1348 1042 1426 hominis,
1062 1349 1119 1432 qui
1138 1357 1218 1414 sunt
1237 1358 1350 1414 status
1369 1349 1438 1430 ejus

319 1463 396 1507 curn
412 1453 466 1508 est
484 1443 519 1506 in
534 1443 752 1506 interioribus
768 1444 847 1518 suis,
860 1463 919 1506 seu
936 1442 1028 1525 quod
1044 1443 1147 1518 idem,
1164 1461 1241 1506 curn
1257 1444 1291 1506 in
1308 1444 1438 1526 spiritu,

319 1548 399 1603 sunt
422 1538 685 1602 extraordinarii
707 1539 838 1602 ostensi
865 1537 948 1602 mihi
970 1537 1083 1602 solum
1106 1538 1153 1602 ob
1174 1537 1288 1612 finem,
1312 1548 1350 1602 ut
1373 1539 1437 1602 sci·

318 1653 389 1697 rem
408 1633 527 1716 quales
546 1642 637 1708 sunt,
658 1633 736 1716 quia
754 1635 845 1696 intra
863 1633 1044 1696 ecclesiam
1064 1635 1138 1697 noti
1157 1645 1262 1712 sunt3
1293 1641 1329 1697 at
1348 1633 1437 1715 loqui

319 1748 396 1792 cum
415 1728 600 1810 spiritibus,
620 1737 656 1792 et
676 1748 752 1792 esse
774 1747 851 1791 curn
870 1727 937 1791 illis
956 1729 1045 1792 sicut
1064 1748 1151 1792 unus
1170 1747 1298 1804 eorum,
1318 1729 1436 1792 datum

317 1833 373 1888 est
397 1824 478 1887 mihi
500 1825 605 1888 etiarn
628 1823 662 1886 in
686 1823 779 1887 omni
802 1823 918 1905 vigilia
941 1825 1107 1905 corporis,
1132 1833 1167 1888 et
1201 1824 1235 1887 id
1266 1843 1355 1888 nunc
1379 1843 1437 1905 per

317 1918 443 1982 multos
463 1939 583 1983 annos.

383 2030 484 2100 443.
516 2013 617 2096 Quod
646 2013 751 2078 homo
780 2013 894 2096 quoad
922 2013 1085 2079 interiora
1117 2033 1180 2078 sua
1211 2015 1258 2078 sit
1288 2014 1436 2096 spiritus,

317 2109 463 2192 amplius
479 2108 670 2172 confirmari
686 2118 803 2192 potest
823 2127 869 2172 ex
888 2108 967 2184 illis,
985 2129 1071 2192 quae
1088 2129 1190 2190 supra
1207 2107 1255 2192 (n.
1273 2109 1435 2189 311-317)

317 2199 410 2266 diois
428 2213 464 2267 et
487 2211 629 2266 ostensa
647 2211 738 2276 sunt,
759 2203 815 2265 ubi
838 2200 952 2266 aiium
976 2213 1029 2266 est
1053 2203 1097 2267 de
1120 2223 1173 2278 eo,
1193 2205 1284 2286 quod
1305 2203 1435 2268 caelum

316 2307 353 2360 et
369 2297 535 2362 infernum
555 2300 624 2362 sint
643 2319 688 2361 ex
707 2297 858 2361 humano
873 2318 1011 2379 genere.

379 2406 482 2475 444.
513 2392 614 2474 Quod
634 2392 739 2456 homo
757 2394 801 2456 sit
820 2393 959 2474 spiritus
978 2393 1091 2476 quoad
1110 2393 1275 2458 interiora
1293 2413 1365 2470 sua,
1384 2394 1435 2458 in·

316 2486 486 2569 telligitur
507 2489 619 2570 quoad
642 2487 702 2550 illa
723 2497 910 2569 quaesunt
933 2489 1156 2569 cogitationis
1179 2498 1215 2552 et
1245 2488 1434 2554 voluntatis

315 2581 397 2662 ejus,
411 2584 571 2664 quoniam
587 2582 652 2646 hae
668 2592 748 2646 sunt
764 2583 838 2665 ipsa
849 2583 1024 2656 interiora,
1038 2603 1125 2666 quae
1137 2582 1265 2648 iaciunt
1277 2593 1315 2649 ut
1331 2583 1434 2648 homo

315 2676 361 2741 sit
376 2675 492 2754 homo,
512 2697 552 2741 ac
572 2676 652 2742 talis
670 2675 785 2752 homo,
806 2677 915 2759 qualis
931 2678 1045 2761 quoad
1063 2677 1122 2742 illa
1140 2687 1202 2742 est.

790 3157 952 3243 [XLVIJ

736 3281 747 3318 1

313 3351 370 3418 Ds
396 3350 976 3416 Hon1N1sRnsusc1rnrronnn
1001 3351 1191 3428 Monrors,
1216 3367 1264 3417 nc
1288 3353 1429 3417 Inrno-

606 3461 671 3512 ιτυ
694 3459 736 3510 ns
759 3445 893 3510 V1rnn
913 3460 1136 3511 nnrnnnnn.

395 3645 496 3714 445·
527 3631 677 3715 Quando
695 3651 820 3713 corpus
839 3651 908 3696 non
931 3632 1078 3715 amplius
1096 3641 1215 3715 potest
1234 3633 1329 3697 obire
1351 3653 1429 3696 suas

310 3723 501 3790 sunstiones
521 3729 554 3790 in
572 3726 719 3792 naturali
735 3727 864 3791 mundo
880 3728 1189 3810 correspondentes
1205 3727 1428 3810 cogitationi·

310 3822 372 3884 bus
391 3830 426 3884 et
447 3820 680 3886 affenionibus
699 3823 749 3885 sui
768 3823 918 3904 spiritus,
939 3842 1025 3906 quae
1044 3831 1124 3886 sunt
1143 3824 1174 3886 ei
1197 3843 1243 3887 ex
1262 3822 1428 3903 spirituaii

310 3915 449 3990 mundo,
470 3925 553 3979 tunc
572 3916 697 3980 dicitur
718 3914 824 3980 homo
847 3918 942 3980 mori.
988 3917 1065 3981 Hoc
1088 3915 1127 3980 fit
1146 3936 1221 3980 cum
1241 3928 1355 3981 motus
1374 3937 1427 3981 re·

309 4011 479 4094 spiratorii
493 4011 692 4094 pulmonum
705 4030 744 4076 ac
758 4011 914 4093 systolici
927 4012 1040 4075 cordis
1049 4021 1200 4076 cessant.
1241 4009 1309 4076 Sed
1322 4033 1427 4097 usque

311 4127 380 4171 non
396 4107 536 4170 moritur
551 4105 666 4182 homo,
679 4107 740 4171 sed
756 4107 861 4171 modo
873 4115 1049 4190 separatur
1063 4127 1084 4170 a
1099 4127 1274 4188 corporeo,
1289 4107 1380 4191 quod
1397 4110 1426 4172 ei

309 4200 370 4264 fuit
390 4202 463 4264 usui
482 4201 515 4264 in
540 4202 669 4266 mundo
685 4222 693 4280 ;
717 4201 790 4284 ipse
809 4203 900 4266 enim
919 4202 1024 4266 homo
1042 4203 1137 4266 vivit.
1183 4203 1317 4266 Dicitur
1335 4205 1426 4286 quod

308 4295 381 4376 ipse
396 4293 502 4358 homo
517 4295 623 4370 vivat,
639 4296 718 4378 quia
733 4295 839 4359 homo
855 4315 923 4360 non
939 4305 992 4360 est
1011 4295 1116 4361 horno
1134 4318 1180 4360 ex
1199 4315 1353 4378 corpore,
1365 4297 1424 4361 sed

308 4411 352 4454 ex
373 4391 492 4473 spiritu
507 4411 515 4468 ;
538 4391 698 4473 quoniam
715 4391 852 4473 spiritus
871 4391 904 4454 in
922 4391 1059 4456 homine
1075 4393 1222 4474 cogitat,
1238 4401 1275 4456 et
1293 4393 1425 4475 cogita-

308 4486 357 4549 tio
377 4503 452 4549 cum
466 4483 646 4550 affefflone
656 4486 736 4551 facit
749 4485 935 4551 hominem.
982 4487 1066 4550 Inde
1080 4497 1189 4569 patet,
1201 4490 1292 4571 qnod
1309 4487 1423 4560 horno,

307 4599 383 4642 curn
407 4581 561 4652 moritur.
582 4582 686 4646 modo
709 4593 863 4646 transeat
887 4583 931 4646 ab
955 4601 1023 4646 uno
1046 4584 1173 4646 mundo
1203 4585 1236 4646 in
1267 4583 1424 4647 alterum.
