3408 5358
301 639 364 706 234
625 638 675 688 DE
698 637 823 687 casto
848 637 895 686 ET
919 637 1099 688 INFERNO.

299 809 391 894 quod
408 809 518 876 unitio
530 809 709 884 mentium,
722 829 810 892 quae
825 809 993 873 formatae
1005 818 1085 872 sunt
1101 829 1147 872 ex
1163 807 1320 890 genuinis
1331 808 1420 874 vetis

298 915 335 970 et
358 905 470 982 bonis,
490 907 536 970 sit
559 902 817 988 periedtissima.
861 901 1045 968 Sciendum
1064 913 1130 978 est,
1148 904 1242 986 quod
1265 923 1334 970 non
1357 904 1419 968 ali-

298 1001 379 1084 quid
401 1021 440 1064 se
462 1011 583 1064 mutuo
605 999 682 1082 plus
704 1009 810 1074 amet,
834 1018 936 1082 quam
959 1018 1077 1062 verum
1100 1009 1137 1062 et
1160 999 1309 1078 bonum;
1335 1019 1420 1082 qua·

297 1105 442 1180 propter
463 1117 510 1159 ex
533 1095 594 1158 ilio
616 1115 734 1160 amore
751 1095 936 1160 descendit
955 1113 1052 1158 amor
1074 1113 1154 1158 vere
1177 1090 1420 1176 coniugialis.(⁰)

298 1191 432 1255 Amant
452 1211 587 1274 quoque
609 1210 646 1254 se
668 1190 791 1254 falsum
813 1199 851 1256 et
875 1188 1015 1264 maium,
1035 1190 1098 1254 sed
1118 1188 1175 1254 hic
1198 1208 1295 1254 amor
1312 1190 1419 1254 verti·

297 1299 354 1352 tur
370 1289 452 1353 dein
471 1289 506 1350 in
525 1286 703 1352 infernum.

361 1384 461 1467 376·
490 1381 548 1446 Ex
566 1381 634 1446 illis
653 1403 741 1464 quse
759 1381 803 1446 de
822 1381 954 1462 origine
970 1381 1096 1446 amoris
1111 1378 1313 1462 coniugialis
1329 1400 1418 1446 nuuc

297 1475 390 1542 didia
411 1487 504 1552 sunt,
528 1477 689 1541 concludi
712 1486 832 1559 potest
861 1477 999 1558 quinam
1031 1477 1065 1540 in
1093 1495 1210 1540 amore
1234 1474 1418 1558 conjugiali

297 1583 388 1650 sunt,
407 1581 442 1637 et
461 1573 600 1655 quinam
618 1591 687 1636 non
707 1582 812 1636 sunt:
836 1571 928 1653 quod
947 1571 980 1634 in
1000 1590 1116 1636 amore
1134 1569 1320 1652 conjugiali
1336 1572 1417 1646 sint,

297 1669 353 1750 qui
370 1689 417 1732 ex
436 1668 570 1732 Divinis
588 1668 678 1730 veris
700 1667 734 1730 in
758 1666 884 1730 Divino
903 1667 996 1730 bono
1015 1677 1116 1744 sunt;
1147 1677 1184 1730 et
1206 1667 1299 1748 quod
1321 1685 1418 1730 amor

296 1763 500 1846 conjugialis
516 1772 654 1828 tantum
671 1763 840 1844 genuinus
859 1763 916 1836 sit,
933 1772 1099 1844 quantum
1119 1781 1211 1836 vera,
1228 1782 1315 1844 quae
1334 1781 1417 1826 con·

295 1856 483 1940 junguntur
501 1857 605 1933 bono,
625 1857 736 1938 magis
759 1857 909 1938 genuina
927 1865 1018 1920 sunt.
1059 1855 1106 1920 Et
1129 1859 1209 1939 quia
1231 1875 1333 1920 omne
1356 1857 1416 1920 bo·

297 1973 390 2029 num,
409 1953 501 2036 quod
518 1952 736 2034 conjungitur
751 1953 851 2027 veris,
869 1961 923 2016 est
943 1972 963 2014 a
979 1951 1140 2026 Domino,
1157 1953 1310 2034 sequitur
1324 1951 1417 2034 quod

295 2067 399 2112 nemo
420 2051 455 2114 in
477 2068 594 2114 amore
617 2069 698 2112 vere
717 2045 901 2129 conjugiali
921 2048 1031 2128 possit
1053 2067 1142 2123 esse,
1163 2048 1226 2112 nisi
1249 2057 1417 2130 agnoscat

294 2144 480 2210 Dominum
503 2167 543 2210 ac
566 2149 728 2212 Divinum
753 2143 887 2224 ipsius;
917 2161 998 2208 narn
1017 2143 1147 2225 absque
1162 2143 1341 2224 agnitione
1357 2142 1416 2206 illa

295 2237 463 2302 Dominus
482 2259 552 2302 non
570 2237 709 2304 influere
725 2249 855 2320 potest,
871 2258 912 2302 ac
932 2236 1094 2320 conjungi
1112 2239 1201 2302 veris
1220 2257 1307 2320 quae
1326 2238 1416 2320 apud

294 2333 481 2399 hominem.

357 2441 452 2512 377·
484 2427 540 2492 Ex
557 2427 610 2492 his
626 2438 737 2510 patet,
754 2430 846 2511 quod
864 2429 899 2492 in
915 2447 1031 2492 amore
1047 2427 1232 2508 conjugiali
1249 2447 1318 2492 non
1334 2429 1414 2502 sint,

293 2524 350 2606 qui
368 2525 402 2586 in
421 2522 514 2586 salsis
530 2533 623 2598 sunt,
641 2544 680 2588 ac
700 2543 838 2606 prorsus
854 2543 923 2586 non
940 2524 989 2588 illi
1007 2525 1064 2606 qui
1083 2524 1116 2586 in
1135 2522 1229 2586 salsis
1248 2544 1294 2588 ex
1314 2526 1415 2590 malo.

294 2617 401 2699 Apud
420 2637 481 2682 eos
500 2619 555 2700 qui
574 2619 607 2680 in
628 2618 720 2682 malo
739 2629 819 2684 sunt
837 2629 874 2684 et
897 2619 977 2682 inde
996 2619 1029 2682 in
1048 2618 1154 2694 falsis,
1171 2619 1276 2682 etiam
1296 2620 1414 2684 interi·

293 2731 365 2786 ora,
385 2732 472 2794 quae
491 2713 629 2785 mentis,
646 2713 787 2778 occlusa
802 2723 903 2792 sunt3
926 2725 1137 2796 quapropter
1155 2715 1236 2778 inibi
1253 2734 1322 2778 non
1341 2716 1414 2778 dari

292 2816 412 2888 potest
441 2806 556 2890 aliqua
584 2808 683 2888 origo
709 2809 835 2872 amoris
857 2808 1072 2890 conjugialis,
1092 2809 1154 2872 sed
1184 2808 1269 2872 inira
1291 2809 1352 2874 illa
1380 2811 1414 2873 in

292 2911 440 2966 externo
462 2923 522 2966 seu
546 2901 693 2966 naturali
715 2901 854 2966 homine
877 2913 1040 2986 separato
1068 2904 1112 2968 ab
1140 2905 1288 2978 interno,
1312 2905 1414 2970 datur

292 2994 490 3078 conjundiio
504 2996 579 3060 falsi
596 3008 631 3063 et
648 2997 740 3072 mali,
754 3017 841 3080 quae
855 2995 1049 3079 conjundiio
1061 3010 1205 3064 vocatur
1217 2999 1412 3082 conjugium

292 3090 467 3158 infernale.
512 3092 643 3157 Datum
673 3103 728 3158 est
750 3093 867 3158 videre
890 3093 990 3176 quale
1013 3094 1208 3176 conjugium
1239 3105 1292 3160 est
1322 3095 1413 3160 inter

291 3185 370 3252 iilos
399 3188 456 3270 qui
485 3187 519 3252 in
548 3187 644 3252 salsis
674 3187 755 3252 mali
785 3197 877 3264 sunt,
901 3189 992 3272 quod
1022 3190 1216 3271 conjugium
1246 3189 1412 3254 infernale

291 3292 436 3348 vocatur
452 3299 459 3344 :
484 3282 726 3365 colloquuntur
741 3283 831 3348 inter
846 3304 895 3359 se,
912 3294 948 3348 et
967 3305 1100 3367 quoque
1119 3306 1165 3350 ex
1182 3284 1313 3350 lascivo
1328 3305 1411 3350 con·

290 3375 496 3459 iunguntur;
519 3378 580 3442 sed
592 3379 734 3442 interius
746 3390 868 3444 contra
880 3400 918 3444 se
933 3381 1148 3446 interneciuo
1160 3381 1241 3446 odio
1253 3381 1411 3464 flagrant,

291 3473 382 3555 quod
398 3483 535 3538 tantum
554 3482 610 3538 est
630 3483 666 3538 ut
689 3475 836 3539 describi
854 3495 923 3540 non
943 3477 1063 3558 possit.

678 3683 728 3736 uu
740 3694 837 3728 mm
849 3669 1021 3738 mmm}

344 3779 382 3846 (o)
408 3775 500 3848 Quod
514 3776 617 3832 omnia
629 3774 659 3829 in
672 3775 813 3832 universo
825 3786 887 3830 tam
903 3777 987 3832 caelo
1001 3793 1092 3848 quam
1108 3779 1222 3834 mundo
1232 3795 1267 3834 se
1280 3780 1411 3836 reiorum

289 3847 327 3902 sd
347 3849 460 3902 bonum
479 3858 511 3903 et
529 3861 635 3904 verum
655 3848 696 3918 (u.
715 3847 918 3918 2451[?2452].
937 3848 1016 3918 3166,
1034 3863 1115 3920 4390,
1133 3863 1213 3918 4499,
1234 3863 1312 3924 5232·
1331 3853 1409 3922 725⁶·

292 3921 428 4043 1013).ιά
441 3985 687 4070 eonjundiionem
700 3987 856 4072 utriusque
870 3991 911 4057 (n.
927 4001 993 4073 1955
998 3989 1035 4058 5).

342 4058 432 4132 Quod
446 4069 525 4114 mter
538 4060 649 4114 bonum
663 4069 695 4114 et
706 4075 810 4114 verum
821 4070 863 4115 srt
874 4061 1049 4132 conjugium
1064 4061 1212 4132 (n.1094[?
1227 4064 1317 4133 1904]‚
1331 4077 1409 4134 2173.

289 4129 557 4273 nogidffliium
571 4207 659 4262 amet,
672 4209 703 4254 et
719 4217 755 4255 ex
768 4217 870 4256 amore
886 4201 1038 4256 desideret
1050 4219 1163 4265 verum,
1176 4213 1207 4258 et
1219 4201 1409 4276 conjunftio·

287 4287 356 4326 nem
370 4271 435 4342 ejus
445 4287 557 4332 secum.
568 4281 598 4325 et
610 4271 692 4342 quod
704 4271 773 4326 inde
786 4271 816 4325 in
830 4283 978 4342 perpetuo
989 4285 1102 4329 conatu
1114 4274 1338 4346 conjundiionis
1347 4277 1409 4330 sint

289 4343 329 4410 (n.
340 4343 636 4486 ffiffl’fflit
647 4429 684 4468 ex
697 4414 779 4470 bono
793 4414 833 4481 (n.
846 4413 921 4484 1589.
934 4427 1010 4486 1997,
1025 4415 1121 4486 7579[Ρ
1134 4417 1223 4486 7577)
1236 4429 1316 4486 4979,
1328 4417 1408 4486 4996,

286 4497 365 4554 4097.
377 4483 456 4554 4736.
469 4497 548 4553 4757.
561 4483 640 4568 4884.
656 4497 731 4554 5¹47·
745 4483 836 4566 96457).

389 4555 429 4610 od
442 4571 546 4610 verum
559 4565 600 4609 srt
613 4555 709 4611 forma
721 4557 793 4609 bour
807 4557 848 4620 (n.
862 4569 939 4624 3049,
954 4555 1031 4624 3180,
1045 4569 1124 4626 4574,
1137 4557 1229 4626 9154).

369 4626 430 4682 uod
442 4643 546 4682 verum
559 4627 598 4682 ad
611 4627 724 4684 bouum
737 4626 777 4684 sit
790 4627 869 4684 sicut
880 4641 960 4698 aqua
973 4627 1011 4684 ad
1025 4644 1133 4698 panem
1148 4633 1188 4697 (n.
1201 4629 1294 4698 4976).
