3382 5358
299 571 358 620 lOO
617 573 667 622 DE
690 572 817 624 CAELO
840 573 889 624 ΕΤ
913 569 1096 626 INFERNO.

295 739 447 804 Fuerunt
471 737 585 823 angeli
608 741 664 824 qui
694 743 832 826 propius
854 743 995 808 admissi
1016 752 1097 808 sunt
1126 741 1161 808 in
1184 741 1416 825 cogitationes

294 851 399 911 meas,
417 844 453 900 et
473 855 578 919 usque
597 837 630 900 in
647 838 831 914 naturales,
848 839 882 902 in
899 839 1019 922 quibus
1035 848 1135 904 erant
1151 838 1248 920 plura
1264 859 1309 904 ex
1326 849 1415 904 tern-

293 949 375 1012 pore
398 941 434 996 et
457 933 590 1014 spatio;
621 933 684 1010 sed
706 935 784 1017 quia
806 944 888 998 tunc
912 933 995 998 nihil
1018 934 1278 1009 intellexerunt,
1302 935 1417 998 subito

292 1037 520 1104 recesserunt,
539 1037 576 1092 et
598 1039 782 1112 postquam
800 1039 1017 1094 recesserunt
1035 1029 1148 1094 audivi
1171 1029 1249 1094 illos
1272 1027 1415 1113 loquen-

291 1131 357 1196 tes,
378 1122 526 1186 dicendo
549 1121 640 1206 quod
663 1123 697 1186 in
721 1123 873 1188 tenebris
895 1123 1030 1188 luerint.
1076 1123 1196 1206 Qualis
1219 1125 1415 1206 ignorantia

291 1217 424 1299 angelis
448 1219 492 1282 sit
515 1217 559 1282 de
582 1228 749 1300 tempore,
770 1217 889 1282 datum
908 1229 962 1282 est
985 1219 1067 1284 mihi
1085 1220 1171 1283 scire
1195 1238 1255 1301 per
1271 1219 1414 1300 experi-

292 1313 432 1375 entiam.
478 1311 564 1376 Erat
587 1313 725 1396 quidam
754 1333 774 1378 e
802 1312 912 1388 caelo,
936 1315 993 1396 qui
1020 1315 1098 1377 talis
1121 1323 1196 1378 erat
1219 1322 1257 1378 ut
1280 1333 1414 1396 quoque

291 1417 409 1490 posset
422 1409 455 1471 in
468 1407 563 1471 ideas
574 1407 757 1485 naturales,
772 1408 890 1492 quales
903 1409 1033 1472 homini
1048 1419 1140 1485 sunt,
1154 1409 1292 1472 admitti
1304 1428 1312 1485 ;
1336 1425 1414 1472 cum

290 1521 358 1586 quo
388 1505 467 1568 ideo
496 1503 632 1568 locutus
661 1524 735 1568 sum
765 1515 889 1587 postea
910 1505 999 1568 sicut
1021 1505 1127 1568 homo
1156 1523 1234 1568 cum
1263 1503 1412 1568 homine.

291 1597 355 1660 llle
375 1601 519 1680 primum
543 1617 612 1662 non
636 1599 736 1662 scivit
755 1599 835 1682 quid
858 1609 952 1664 esset
974 1599 1066 1682 quod
1089 1598 1300 1682 appellarem
1323 1608 1412 1662 tem·

290 1713 373 1776 pus;
396 1715 500 1777 quare
520 1713 657 1777 prorsus
672 1694 854 1759 informare
873 1695 985 1770 debui,
1003 1696 1177 1778 quomodo
1196 1695 1248 1758 sol
1267 1703 1413 1776 apparet

290 1789 496 1853 circumferri
526 1791 653 1853 circum
683 1799 838 1854 nostram
868 1789 1038 1865 tellurem,
1063 1811 1104 1854 ac
1133 1809 1243 1854 annos
1273 1799 1308 1854 et
1339 1789 1412 1852 dies

288 1881 411 1960 iacere,
436 1895 472 1948 et
496 1885 588 1968 quod
610 1884 690 1948 inde
713 1885 795 1948 anni
817 1885 1077 1967 distinguantur
1099 1885 1133 1948 in
1156 1893 1303 1967 quatuor
1322 1893 1412 1948 tem·

290 1997 383 2062 pora,
397 1991 433 2044 et
450 2001 584 2063 quoque
600 1980 634 2043 in
651 1999 786 2044 rnenses
801 1989 838 2046 et
854 1981 1078 2063 septimanas,
1094 2000 1135 2044 ac
1150 1979 1225 2044 dies
1240 1979 1274 2044 in
1290 1978 1412 2060 viginti

287 2085 435 2158 quatuor
457 2075 570 2150 horas,
591 2085 627 2139 et
650 2075 742 2158 quod
765 2073 824 2139 illa
846 2085 1005 2158 tempora
1027 2076 1128 2140 statis
1147 2074 1276 2138 vicibus
1298 2093 1411 2140 recur-

287 2180 384 2249 rant;
416 2181 452 2236 et
474 2171 565 2254 quod
585 2171 664 2235 inde
687 2181 865 2254 tempora;
892 2171 1013 2254 quibus
1032 2170 1157 2234 auditis
1180 2171 1323 2234 miratus
1345 2178 1409 2244 est,

287 2265 436 2330 dicendo
459 2267 550 2350 quod
577 2265 662 2330 talia
688 2285 757 2330 non
784 2267 931 2341 noverit,
955 2265 1016 2330 sed
1043 2266 1123 2348 quid
1146 2275 1264 2330 essent
1288 2275 1410 2328 status.

287 2359 385 2424 Inter
413 2361 622 2445 loquendum
651 2381 729 2426 cum
758 2361 830 2438 illo,
861 2361 965 2426 etiam
994 2361 1067 2426 dixi
1099 2359 1192 2444 quod
1221 2361 1347 2424 sciatur
1376 2361 1410 2423 in

286 2458 416 2520 mundo
434 2458 526 2540 quod
545 2458 579 2521 in
598 2457 696 2522 caelo
715 2477 784 2522 non
804 2457 848 2521 sit
867 2467 1015 2538 tempus,
1035 2455 1220 2540 loquuntur
1237 2457 1327 2520 enim
1347 2455 1410 2520 ho-

286 2554 396 2615 mines
423 2554 511 2616 sicut
535 2554 666 2630 sciant;
700 2571 780 2617 nam
806 2553 925 2616 dicunt
955 2552 999 2616 de
1029 2551 1178 2634 illisqui
1208 2553 1409 2626 moriuntur,

285 2647 377 2729 quod
397 2647 592 2730 relinquant
608 2647 828 2730 temporaria,
841 2657 878 2712 et
897 2647 988 2730 quod
1001 2655 1183 2712 transeant
1201 2667 1221 2710 e
1241 2656 1408 2728 tempore,

286 2761 346 2824 per
369 2742 460 2824 quod
483 2741 697 2824 intelligunt,
717 2763 737 2805 e
760 2743 899 2806 mundo.
945 2741 1028 2806 Dixi
1050 2742 1157 2806 etiam
1176 2741 1268 2824 quod
1291 2761 1312 2804 a
1334 2741 1408 2822 qui·

284 2835 430 2899 busdam
450 2839 576 2900 sciatur
598 2838 690 2920 quod
714 2847 872 2920 tempora
894 2837 929 2900 in
953 2857 1014 2900 sua
1036 2837 1168 2918 origine
1192 2837 1260 2900 sint
1283 2845 1406 2906 status.

284 2951 329 2994 ex
353 2951 396 2995 eo
419 2933 509 3014 quod
534 2933 604 2996 sint
628 2953 766 3015 prorsus
785 2933 974 2997 secundum
997 2943 1111 2996 status
1134 2929 1350 2996 afsedtionum
1374 2932 1407 2994 in

284 3027 406 3112 quibus
429 3037 529 3106 sunt;
564 3029 681 3092 brevia
704 3029 771 3092 illis
794 3030 850 3113 qui
884 3030 917 3092 in
945 3030 1100 3093 amoenis
1128 3038 1165 3094 et
1190 3028 1292 3092 laetis
1315 3037 1407 3102 sunt,

284 3121 390 3204 longa
409 3123 476 3186 illis
496 3125 552 3205 qui
572 3123 604 3186 in
625 3125 816 3187 inamoenis
835 3133 870 3188 et
890 3124 1058 3199 tristibus,
1079 3143 1118 3187 ac
1137 3124 1232 3187 varia
1255 3125 1289 3187 in
1313 3131 1407 3188 statu

284 3219 357 3300 spei
374 3228 409 3283 et
426 3215 723 3302 exspedlationls:
743 3229 780 3283 et
796 3220 888 3302 quod
904 3219 983 3283 ideo
998 3219 1120 3283 eruditi
1137 3219 1310 3301 inquirant
1326 3216 1407 3300 quid

283 3323 421 3397 tempus
444 3325 480 3378 et
504 3317 677 3397 spatium3
712 3325 747 3379 et
770 3315 992 3398 quodetiam
1015 3314 1154 3398 quidam
1178 3315 1291 3378 sciant
1314 3311 1405 3395 quod

282 3419 419 3492 tempus
439 3411 483 3474 sit
501 3410 649 3498 naturali
669 3410 809 3474 homini.
1409 3484 1414 3500 ,

346 3505 447 3584 169.
478 3505 596 3568 Homo
620 3505 785 3570 naturalis
808 3505 948 3570 credere
974 3514 1104 3588 potest,
1129 3504 1220 3587 quod
1248 3502 1342 3567 nulla
1374 3502 1406 3568 ei

282 3601 453 3682 cogitatio
477 3611 581 3676 esset,
606 3601 633 3663 si
657 3602 756 3665 ideae
779 3602 955 3682 temporis,
980 3601 1094 3684 spatii,
1118 3609 1154 3664 et
1178 3597 1405 3664 materialium

281 3695 505 3770 auferrentur,
524 3715 625 3778 super
644 3696 711 3759 illis
730 3697 820 3760 enim
835 3695 995 3759 fundatur
1011 3696 1122 3759 omnis
1138 3695 1307 3777 cogitatio
1319 3713 1406 3775 quae

281 3787 523 3854 hominnm)
550 3793 611 3855 sed
635 3793 734 3866 sciat,
754 3791 845 3874 quod
870 3791 1104 3872 cogitationes
1127 3800 1265 3853 tantum
1289 3787 1405 3852 linitae

279 3885 350 3948 sint
370 3895 405 3948 et
428 3884 657 3961 coardtentur,
677 3896 844 3969 quantum
867 3907 912 3950 ex
936 3895 1104 3968 tempore,
1126 3885 1250 3968 spatio,
1270 3893 1307 3948 et
1331 3901 1404 3946 ma·

281 3980 393 4044 teriali
410 3981 573 4058 trahunt;
598 3993 634 4046 et
651 3991 789 4046 tantum
806 4001 875 4045 non
888 3980 1005 4045 finitae
1021 3983 1090 4044 sint
1106 3989 1142 4044 et
1158 3979 1403 4052 extendantur,

281 4087 447 4159 quantum
466 4077 597 4140 exiliis
617 4097 686 4140 non
706 4077 860 4152 trahunt,
880 4077 1041 4160 quoniam
1060 4083 1196 4140 tantum
1215 4093 1313 4138 mens
1331 4073 1404 4136 ele·

682 4331 1005 4388 (aminneam)

335 4455 448 4527 (mu)
474 4453 564 4540 Quod
590 4455 684 4512 homo
702 4456 814 4528 meque
834 4455 901 4512 idea
918 4452 1065 4526 temporis
1090 4469 1151 4510 non
1176 4451 1297 4524 cogitet.
1315 4465 1404 4508 secus

279 4543 371 4599 quarn
385 4527 485 4599 angeli
500 4529 540 4595 (n.
555 4529 646 4597 3404).
860 4567 864 4574 .
