3382 5358
301 564 358 627 162
615 575 664 626 ue
687 575 814 626 causo
839 576 886 626 ss
909 576 1092 626 insensu.

296 745 391 810 Talis
414 755 467 810 est
491 745 699 822 innocentia,
723 766 809 829 quae
833 755 976 810 vocatur
998 747 1197 812 innocentia
1218 749 1417 831 sapientiae.

297 839 386 923 Quia
404 843 602 906 innocentia
624 841 708 906 nihil
730 841 812 906 boni
837 841 901 906 sibi
924 842 1054 918 tribuit,
1074 844 1136 906 sed
1165 863 1267 907 omne
1290 844 1418 908 bonum

296 937 436 1000 addicat
472 937 634 1013 Domino,
654 947 690 1001 et
709 938 788 1020 quia
799 937 846 1001 sic
863 947 958 1001 amat
977 937 1054 1001 du'ci
1073 959 1094 1001 a
1110 937 1270 1014 Domino,
1284 947 1320 1003 et
1339 939 1418 1002 inde

295 1042 349 1097 est
368 1033 522 1115 receptio
541 1033 652 1098 omnis
670 1034 753 1097 boni
771 1043 808 1098 et
826 1034 909 1109 veri,
930 1034 1116 1116 exquibus
1136 1035 1319 1115 sapientia,
1339 1035 1419 1098 ideo

295 1129 400 1191 homo
422 1129 473 1191 ita
488 1137 623 1192 creatus
639 1138 704 1204 est,
724 1138 774 1205 ut,
794 1147 871 1192 cum
890 1137 945 1191 est
963 1129 1084 1204 infans,
1102 1129 1147 1192 sit
1167 1130 1201 1192 in
1220 1129 1419 1194 innocentia

295 1225 356 1288 sed
375 1233 532 1300 externa,
550 1233 586 1287 at
605 1243 682 1287 cum
701 1222 738 1288 fit
757 1243 866 1288 senex
886 1223 930 1287 sit
949 1223 983 1287 in
1002 1225 1200 1288 innocentia
1215 1225 1361 1298 interna,
1380 1235 1417 1288 ut

295 1317 463 1402 perillam
486 1319 520 1381 in
536 1317 625 1382 hanc
642 1329 677 1382 et
693 1339 738 1382 ex
761 1318 826 1383 hac
845 1319 879 1382 in
898 1319 993 1382 illam
1015 1321 1152 1382 veniat:
1188 1331 1291 1403 quare
1313 1320 1417 1383 etiam

295 1417 410 1490 homo,
422 1433 499 1477 cum
516 1412 554 1477 fit
570 1433 691 1489 senex,
709 1414 814 1478 etiam
830 1413 1000 1478 decrescit
1016 1433 1169 1495 corpore,
1187 1425 1223 1478 et
1236 1413 1274 1478 fit
1290 1435 1310 1478 e
1326 1434 1418 1477 novo

295 1511 383 1573 sicut
398 1508 519 1584 infans,
536 1509 597 1572 sed
618 1517 656 1572 ut
672 1507 781 1572 infans
800 1510 947 1590 sapiens,
959 1510 1009 1572 ita
1026 1509 1191 1590 angelus;
1211 1529 1291 1572 nam
1307 1508 1418 1572 infans

295 1606 429 1685 sapiens
452 1605 486 1666 in
506 1604 670 1668 eminenti
689 1623 791 1667 sensu
810 1613 865 1668 est
884 1604 1039 1686 angelus.
1084 1604 1170 1668 inde
1189 1614 1254 1680 est,
1275 1604 1366 1688 quod
1383 1606 1416 1668 in

295 1697 413 1762 Verbo
427 1703 447 1732 “
458 1697 592 1768 infans”
608 1697 779 1780 significet
797 1699 1029 1775 innocentem,
1047 1708 1083 1763 et
1102 1704 1241 1765 “senex
1249 1698 1265 1724 ‘'
1280 1701 1416 1781 sapien·

294 1803 365 1860 tem
384 1795 418 1858 in
437 1815 504 1876 quo
522 1790 766 1858 innocentiam
1297 1787 1301 1794 ’

355 1903 452 1973 ²79.
482 1887 645 1954 Similiter
657 1889 695 1954 lit
710 1909 786 1954 cum
799 1889 891 1953 omni
907 1890 963 1973 qui
979 1899 1213 1972 regeneratur.
1254 1889 1416 1972 Regene·

293 1985 380 2048 ratio
398 1993 453 2048 est
476 1987 696 2050 renascentia
714 1986 827 2068 quoad
847 1985 1060 2067 spiritualem
1079 1985 1276 2049 hominem:
1300 1987 1328 2050 is
1346 1987 1415 2069 pri·

293 2099 385 2143 mum
402 2080 632 2145 introducitur
650 2081 684 2144 in
703 2081 935 2145 innocentiam
952 2080 1126 2155 infantiae,
1145 2101 1233 2164 quae
1251 2089 1306 2145 est
1325 2083 1415 2164 quod

293 2174 375 2238 nihil
388 2176 459 2239 veri
475 2177 563 2239 sciat
582 2185 617 2239 et
634 2175 715 2239 boni
731 2177 843 2258 possit
859 2197 905 2240 cx
920 2196 969 2250 se,
983 2176 1045 2239 sed
1061 2175 1172 2240 solum
1189 2197 1235 2240 ex
1252 2176 1413 2251 Domino,

292 2278 328 2333 et
346 2269 437 2353 quod
457 2269 631 2334 desideret
648 2280 684 2334 et
705 2280 849 2354 appetat
868 2270 928 2333 illa
946 2287 993 2334 ex
1012 2290 1115 2334 causa
1134 2270 1245 2334 solum
1264 2271 1343 2352 quia
1361 2281 1415 2334 est

292 2385 409 2428 verum
433 2375 468 2429 et
492 2367 570 2448 quia
589 2376 643 2429 est
666 2367 816 2443 bonum;
847 2366 974 2428 dantur
997 2366 1102 2428 etiam
1125 2365 1185 2429 illa
1208 2386 1228 2428 a
1251 2365 1413 2442 Domino,

292 2461 379 2524 sicut
396 2461 614 2543 progreditur
630 2471 747 2525 aetate
762 2483 770 2540 ;
795 2462 931 2526 ducitur
946 2461 1004 2524 ille
1021 2463 1165 2544 primum
1185 2461 1218 2524 in
1235 2463 1414 2525 scientiam

292 2555 440 2630 illorum,
465 2556 544 2618 dein
571 2575 592 2619 a
620 2557 766 2620 scientia
788 2557 822 2620 in
845 2555 1124 2638 intelligentiam,
1148 2565 1185 2620 et
1209 2556 1348 2619 demum
1371 2553 1415 2620 ab

292 2649 525 2732 intelligentia
548 2651 581 2714 in
601 2653 819 2733 sapientiam,
840 2670 976 2733 semper
995 2653 1186 2715 comitante
1205 2651 1414 2726 innocentia,

292 2765 378 2828 quae
397 2755 463 2822 est,
481 2757 518 2810 ut
538 2745 665 2810 dictum
682 2757 748 2832 est,
766 2747 857 2829 quod
874 2745 957 2808 nihil
974 2747 1045 2809 veri
1064 2746 1152 2809 sciat
1175 2755 1211 2810 et
1233 2745 1316 2809 nihil
1335 2745 1415 2809 boni

292 2842 401 2923 possit
421 2861 466 2904 ex
485 2862 521 2906 se
541 2843 602 2906 sed
621 2863 666 2906 ex
687 2843 857 2906 Domino:
883 2841 1012 2924 absque
1027 2843 1092 2905 hac
1112 2841 1179 2906 fide
1195 2851 1231 2906 et
1250 2841 1322 2923 ejus
1338 2861 1414 2924 per-

291 2937 452 3018 ceptione
471 2957 574 3000 nemo
593 2937 719 3019 aliquid
739 2936 827 3000 caeli
850 2937 1002 3018 recipere
1021 2947 1162 3018 potest;
1194 2937 1227 3000 in
1251 2957 1293 3000 eo
1316 2957 1414 3020 prae-

292 3031 389 3113 cipue
409 3031 570 3095 consistit
589 3033 789 3095 innocentia
808 3033 1008 3114 sapientiae.

355 3123 456 3190 28⁰·
487 3125 576 3208 Quia
598 3127 798 3191 innocentia
821 3135 875 3190 est
899 3127 977 3190 duci
1007 3149 1028 3190 a
1058 3127 1220 3202 Domino,
1244 3136 1279 3191 et
1302 3147 1371 3190 non
1394 3147 1415 3190 a

292 3231 413 3296 semet,
430 3221 510 3285 inde
534 3223 733 3304 omnesqui
757 3223 790 3284 in
814 3222 913 3285 caelo
936 3231 1017 3285 sunt
1041 3222 1074 3284 in
1098 3222 1298 3285 innocentia
1321 3232 1412 3295 sunt,

294 3337 372 3381 nam
397 3337 528 3394 omnes,
549 3318 605 3400 qui
628 3319 685 3393 ibi,
705 3327 823 3381 amant
841 3318 919 3381 duci
942 3339 962 3381 a
987 3317 1155 3394 Domino;
1188 3319 1300 3381 sciunt
1323 3319 1413 3381 enim

292 3413 382 3495 quod
402 3413 526 3477 ducere
546 3433 583 3476 se
602 3413 713 3496 ipsum
732 3413 776 3476 sit
796 3413 873 3476 duci
896 3433 917 3476 a
939 3414 1088 3495 proprio,
1109 3421 1145 3476 et
1169 3413 1341 3494 proprium
1360 3425 1413 3476 est

291 3527 406 3573 amare
425 3518 546 3586 semet,
564 3519 600 3573 et
620 3509 676 3591 qui
695 3519 790 3572 amat
806 3517 918 3572 semet
937 3528 1007 3571 non
1027 3509 1157 3590 patitur
1176 3509 1255 3571 duci
1273 3509 1317 3570 ab
1335 3509 1412 3571 alio.

292 3601 377 3667 Inde
394 3613 459 3679 est,
476 3604 568 3687 quod
583 3613 750 3686 ¹quantum
766 3602 911 3684 angelus
930 3603 963 3665 in
980 3603 1179 3666 innocentia
1194 3612 1259 3678 est,
1277 3613 1413 3666 tantum

292 3699 325 3762 in
350 3700 446 3763 caelo
470 3701 526 3774 sit,
549 3699 615 3762 hoc
639 3707 706 3775 est,
730 3707 868 3762 tantum
902 3699 936 3760 in
960 3697 1086 3761 Divino
1109 3699 1201 3761 bono
1224 3717 1263 3761 ac
1288 3697 1414 3761 Divino

292 3814 384 3869 vero,
408 3811 488 3857 narn
510 3813 587 3858 esse
617 3793 651 3857 in
682 3793 735 3857 his
759 3793 870 3857 estin
895 3793 1002 3857 caelo.
1049 3793 1314 3875 Distinguuntur
1335 3794 1413 3856 ideo

1244 3952 1412 3963 ——nn———u

698 4027 737 4078 tax
750 4037 848 4068 sncuurs
860 4027 1022 4080 cuminos.)

347 4125 390 4196 (h)
411 4125 501 4200 Quod
527 4142 580 4198 per
601 4126 779 4184 “infantes''
793 4127 823 4182 in
845 4126 947 4182 Verbo
969 4127 1154 4200 significetur
1176 4126 1349 4182 innocentia
1372 4130 1412 4194 (n.

294 4195 373 4266 5608)
386 4216 392 4261 ς
411 4209 442 4252 et
454 4213 574 4268 quoque
586 4214 641 4268 per
652 4205 668 4227 ¹⁴
678 4197 823 4253 latientes
834 4197 850 4218 ”
864 4199 904 4266 (n.
921 4199 1011 4268 3183).

376 4269 436 4352 uod
459 4284 512 4340 per
530 4275 655 4323 “senem
665 4268 681 4290 '’
699 4269 886 4340 significetur
903 4270 1030 4338 sapiens.
1050 4277 1081 4324 et
1103 4269 1133 4324 in
1152 4285 1243 4326 sensu
1261 4266 1413 4324 abstracto

293 4349 440 4481 sapgllrllll
449 4337 841 4472 hhnldgila⁶ddddlrisldi⁴tlllrt
856 4420 1002 4492 quantum
1019 4390 1117 4493 vergit
1131 4411 1168 4464 ad
1184 4407 1345 4472 sencdlam,
1359 4409 1411 4464 fiat

292 4482 369 4536 sicut
382 4479 488 4543 inians,
502 4495 537 4536 ac
550 4490 584 4535 ut
596 4491 670 4536 tunc
682 4481 858 4536 innocentia
870 4490 910 4535 srt
923 4481 953 4536 in
965 4482 1122 4552 sapientia.
1131 4496 1167 4536 ac
1178 4492 1214 4536 ut
1227 4481 1319 4538 horno
1332 4481 1361 4536 in
1375 4497 1412 4536 eo

292 4560 373 4606 statu
386 4561 520 4608 trauseat
533 4551 563 4606 in
577 4552 701 4616 caelum,
715 4561 746 4608 et
760 4551 812 4606 fiat
823 4552 948 4623 angelus
963 4554 1003 4621 (n.
1017 4551 1094 4622 3183,
1110 4551 1199 4621 5608).
