<?xml version="1.0" encoding="UTF-8"?>
<!DOCTYPE html PUBLIC "-//W3C//DTD XHTML 1.0 Transitional//EN"
    "http://www.w3.org/TR/xhtml1/DTD/xhtml1-transitional.dtd">
<html xmlns="http://www.w3.org/1999/xhtml" xml:lang="en" lang="en">
 <head>
  <title>
</title>
<meta http-equiv="Content-Type" content="text/html;charset=utf-8" />
  <meta name='ocr-system' content='tesseract 3.04.00' />
  <meta name='ocr-capabilities' content='ocr_page ocr_carea ocr_par ocr_line ocrx_word'/>
</head>
<body>
  <div class='ocr_page' id='page_1' title='image "./decaeloetejusmi00swedgoog_0256.png"; bbox 0 0 3408 5358; ppageno 0'>
   <div class='ocr_carea' id='block_1_1' title="bbox 477 650 1418 724">
    <p class='ocr_par' dir='ltr' id='par_1_1' title="bbox 477 650 1418 724">
     <span class='ocr_line' id='line_1_1' title="bbox 477 650 1418 724; baseline 0.004 -22"><span class='ocrx_word' id='word_1_1' title='bbox 477 651 527 702; x_wconf 84' lang='lat' dir='ltr'>DE</span> <span class='ocrx_word' id='word_1_2' title='bbox 550 650 697 706; x_wconf 78' lang='lat' dir='ltr'>Gaumo</span> <span class='ocrx_word' id='word_1_3' title='bbox 719 652 768 704; x_wconf 84' lang='grc' dir='ltr'>ΕΤ</span> <span class='ocrx_word' id='word_1_4' title='bbox 792 653 1020 706; x_wconf 82' lang='lat' dir='ltr'><strong>FELICITATE</strong></span> <span class='ocrx_word' id='word_1_5' title='bbox 1043 654 1236 706; x_wconf 77' lang='lat' dir='ltr'><strong>CAELESTI.</strong></span> <span class='ocrx_word' id='word_1_6' title='bbox 1354 658 1418 724; x_wconf 79' lang='lat'>249</span> 
     </span>
    </p>
   </div>
   <div class='ocr_carea' id='block_1_2' title="bbox 211 822 1431 4698">
    <p class='ocr_par' dir='ltr' id='par_1_2' title="bbox 211 822 1431 4698">
     <span class='ocr_line' id='line_1_2' title="bbox 299 822 1416 909; baseline 0.007 -23"><span class='ocrx_word' id='word_1_7' title='bbox 299 823 338 886; x_wconf 91' lang='lat' dir='ltr'>In</span> <span class='ocrx_word' id='word_1_8' title='bbox 351 822 536 905; x_wconf 90' lang='lat' dir='ltr'>jucundum</span> <span class='ocrx_word' id='word_1_9' title='bbox 553 825 853 906; x_wconf 82' lang='lat' dir='ltr'>concupiscentiae</span> <span class='ocrx_word' id='word_1_10' title='bbox 866 845 948 894; x_wconf 82' lang='lat' dir='ltr'>suae</span> <span class='ocrx_word' id='word_1_11' title='bbox 959 827 1101 894; x_wconf 85' lang='lat' dir='ltr'>veniunt</span> <span class='ocrx_word' id='word_1_12' title='bbox 1117 847 1162 890; x_wconf 83' lang='lat' dir='ltr'>ex</span> <span class='ocrx_word' id='word_1_13' title='bbox 1179 827 1416 909; x_wconf 87' lang='lat' dir='ltr'>deprivatione</span> 
     </span>
     <span class='ocr_line' id='line_1_3' title="bbox 298 921 1416 1006; baseline 0.004 -22"><span class='ocrx_word' id='word_1_14' title='bbox 298 928 334 984; x_wconf 89' lang='lat' dir='ltr'>et</span> <span class='ocrx_word' id='word_1_15' title='bbox 357 921 547 987; x_wconf 81' lang='lat' dir='ltr'>remotione</span> <span class='ocrx_word' id='word_1_16' title='bbox 567 921 707 1002; x_wconf 88' lang='lat' dir='ltr'>jucundi</span> <span class='ocrx_word' id='word_1_17' title='bbox 730 921 891 988; x_wconf 86' lang='lat' dir='ltr'>caelestis</span> <span class='ocrx_word' id='word_1_18' title='bbox 913 923 1005 1004; x_wconf 86' lang='lat' dir='ltr'>apud</span> <span class='ocrx_word' id='word_1_19' title='bbox 1026 922 1105 991; x_wconf 87' lang='lat' dir='ltr'>illos</span> <span class='ocrx_word' id='word_1_20' title='bbox 1127 925 1184 1006; x_wconf 91' lang='lat' dir='ltr'>qui</span> <span class='ocrx_word' id='word_1_21' title='bbox 1207 925 1240 988; x_wconf 89' lang='lat' dir='ltr'>in</span> <span class='ocrx_word' id='word_1_22' title='bbox 1264 935 1416 989; x_wconf 82' lang='lat' dir='ltr'>eosunt.</span> 
     </span>
     <span class='ocr_line' id='line_1_4' title="bbox 297 1013 1416 1100; baseline 0.005 -20"><span class='ocrx_word' id='word_1_23' title='bbox 297 1013 414 1080; x_wconf 84' lang='lat' dir='ltr'>Aliter</span> <span class='ocrx_word' id='word_1_24' title='bbox 436 1013 484 1091; x_wconf 86' lang='lat' dir='ltr'>fit,</span> <span class='ocrx_word' id='word_1_25' title='bbox 504 1016 644 1098; x_wconf 85' lang='lat' dir='ltr'>quando</span> <span class='ocrx_word' id='word_1_26' title='bbox 672 1035 741 1084; x_wconf 88' lang='lat' dir='ltr'>non</span> <span class='ocrx_word' id='word_1_27' title='bbox 769 1016 963 1100; x_wconf 89' lang='lat' dir='ltr'>deprivatio</span> <span class='ocrx_word' id='word_1_28' title='bbox 989 1027 1026 1082; x_wconf 89' lang='lat' dir='ltr'>et</span> <span class='ocrx_word' id='word_1_29' title='bbox 1055 1020 1203 1082; x_wconf 89' lang='lat' dir='ltr'>remotio</span> <span class='ocrx_word' id='word_1_30' title='bbox 1235 1029 1310 1098; x_wconf 89' lang='lat' dir='ltr'>est;</span> <span class='ocrx_word' id='word_1_31' title='bbox 1335 1029 1416 1086; x_wconf 90' lang='lat' dir='ltr'>tunc</span> 
     </span>
     <span class='ocr_line' id='line_1_5' title="bbox 298 1113 1416 1196; baseline 0.007 -24"><span class='ocrx_word' id='word_1_32' title='bbox 298 1129 367 1173; x_wconf 91' lang='lat' dir='ltr'>non</span> <span class='ocrx_word' id='word_1_33' title='bbox 398 1121 545 1192; x_wconf 86' lang='lat' dir='ltr'><strong>possunt</strong></span> <span class='ocrx_word' id='word_1_34' title='bbox 572 1113 857 1194; x_wconf 83' lang='lat' dir='ltr'>appropinquare,</span> <span class='ocrx_word' id='word_1_35' title='bbox 881 1114 960 1194; x_wconf 91' lang='lat' dir='ltr'>quia</span> <span class='ocrx_word' id='word_1_36' title='bbox 989 1122 1155 1195; x_wconf 88' lang='lat' dir='ltr'>quantum</span> <span class='ocrx_word' id='word_1_37' title='bbox 1186 1123 1268 1178; x_wconf 86' lang='lat' dir='ltr'>tunc</span> <span class='ocrx_word' id='word_1_38' title='bbox 1292 1135 1416 1196; x_wconf 90' lang='lat' dir='ltr'>appro-</span> 
     </span>
     <span class='ocr_line' id='line_1_6' title="bbox 296 1206 1415 1290; baseline 0.006 -22"><span class='ocrx_word' id='word_1_39' title='bbox 296 1206 476 1288; x_wconf 87' lang='lat' dir='ltr'>pinquant,</span> <span class='ocrx_word' id='word_1_40' title='bbox 491 1216 628 1272; x_wconf 88' lang='lat' dir='ltr'>tantum</span> <span class='ocrx_word' id='word_1_41' title='bbox 644 1207 678 1270; x_wconf 92' lang='lat' dir='ltr'>in</span> <span class='ocrx_word' id='word_1_42' title='bbox 695 1226 843 1290; x_wconf 78' lang='lat' dir='ltr'>angores</span> <span class='ocrx_word' id='word_1_43' title='bbox 860 1217 896 1272; x_wconf 89' lang='lat' dir='ltr'>et</span> <span class='ocrx_word' id='word_1_44' title='bbox 915 1207 1053 1272; x_wconf 88' lang='lat' dir='ltr'>dolores</span> <span class='ocrx_word' id='word_1_45' title='bbox 1069 1209 1230 1288; x_wconf 90' lang='lat' dir='ltr'>veniunt;</span> <span class='ocrx_word' id='word_1_46' title='bbox 1254 1209 1333 1274; x_wconf 89' lang='lat' dir='ltr'>inde</span> <span class='ocrx_word' id='word_1_47' title='bbox 1350 1221 1415 1286; x_wconf 87' lang='lat' dir='ltr'>est,</span> 
     </span>
     <span class='ocr_line' id='line_1_7' title="bbox 211 1301 1416 1388; baseline 0.003 -23"><span class='ocrx_word' id='word_1_48' title='bbox 211 1367 217 1374; x_wconf 59' lang='grc'><strong>,</strong></span> <span class='ocrx_word' id='word_1_49' title='bbox 297 1301 388 1384; x_wconf 91' lang='lat' dir='ltr'>quod</span> <span class='ocrx_word' id='word_1_50' title='bbox 407 1322 484 1365; x_wconf 90' lang='lat' dir='ltr'>raro</span> <span class='ocrx_word' id='word_1_51' title='bbox 500 1302 614 1366; x_wconf 87' lang='lat' dir='ltr'>ausint</span> <span class='ocrx_word' id='word_1_52' title='bbox 631 1322 737 1384; x_wconf 85' lang='lat' dir='ltr'><strong>prope</strong></span> <span class='ocrx_word' id='word_1_53' title='bbox 753 1303 928 1366; x_wconf 85' lang='lat' dir='ltr'>accedere.</span> <span class='ocrx_word' id='word_1_54' title='bbox 975 1303 1053 1366; x_wconf 92' lang='lat' dir='ltr'>Hoc</span> <span class='ocrx_word' id='word_1_55' title='bbox 1072 1324 1207 1386; x_wconf 86' lang='lat' dir='ltr'>quoque</span> <span class='ocrx_word' id='word_1_56' title='bbox 1227 1305 1416 1388; x_wconf 88' lang='lat' dir='ltr'>perplures</span> 
     </span>
     <span class='ocr_line' id='line_1_8' title="bbox 296 1397 1416 1484; baseline 0.007 -26"><span class='ocrx_word' id='word_1_57' title='bbox 296 1397 531 1479; x_wconf 82' lang='lat' dir='ltr'>experientias</span> <span class='ocrx_word' id='word_1_58' title='bbox 543 1397 662 1462; x_wconf 88' lang='lat' dir='ltr'>datum</span> <span class='ocrx_word' id='word_1_59' title='bbox 676 1408 730 1462; x_wconf 92' lang='lat' dir='ltr'>est</span> <span class='ocrx_word' id='word_1_60' title='bbox 747 1399 844 1474; x_wconf 86' lang='lat' dir='ltr'>scire,</span> <span class='ocrx_word' id='word_1_61' title='bbox 862 1419 907 1462; x_wconf 87' lang='lat' dir='ltr'>ex</span> <span class='ocrx_word' id='word_1_62' title='bbox 923 1398 1044 1480; x_wconf 90' lang='lat' dir='ltr'>quibus</span> <span class='ocrx_word' id='word_1_63' title='bbox 1056 1398 1183 1484; x_wconf 89' lang='lat' dir='ltr'>aliquid</span> <span class='ocrx_word' id='word_1_64' title='bbox 1195 1400 1301 1464; x_wconf 87' lang='lat' dir='ltr'>etiam</span> <span class='ocrx_word' id='word_1_65' title='bbox 1315 1402 1416 1466; x_wconf 91' lang='lat' dir='ltr'>velim</span> 
     </span>
     <span class='ocr_line' id='line_1_9' title="bbox 296 1491 1416 1578; baseline 0.007 -24"><span class='ocrx_word' id='word_1_66' title='bbox 296 1491 457 1574; x_wconf 84' lang='lat' dir='ltr'>prolerre.</span> <span class='ocrx_word' id='word_1_67' title='bbox 502 1491 647 1576; x_wconf 88' lang='lat' dir='ltr'>Spiritus</span> <span class='ocrx_word' id='word_1_68' title='bbox 664 1494 720 1578; x_wconf 89' lang='lat' dir='ltr'>qui</span> <span class='ocrx_word' id='word_1_69' title='bbox 739 1515 758 1564; x_wconf 82' lang='lat' dir='ltr'>e</span> <span class='ocrx_word' id='word_1_70' title='bbox 778 1493 907 1556; x_wconf 88' lang='lat' dir='ltr'>mundo</span> <span class='ocrx_word' id='word_1_71' title='bbox 925 1494 959 1557; x_wconf 91' lang='lat' dir='ltr'>in</span> <span class='ocrx_word' id='word_1_72' title='bbox 975 1493 1122 1557; x_wconf 86' lang='lat' dir='ltr'>alteram</span> <span class='ocrx_word' id='word_1_73' title='bbox 1137 1495 1247 1558; x_wconf 88' lang='lat' dir='ltr'>vitam</span> <span class='ocrx_word' id='word_1_74' title='bbox 1262 1497 1416 1574; x_wconf 87' lang='lat' dir='ltr'>veniunt,</span> 
     </span>
     <span class='ocr_line' id='line_1_10' title="bbox 296 1585 1417 1672; baseline 0.005 -24"><span class='ocrx_word' id='word_1_75' title='bbox 296 1585 379 1648; x_wconf 87' lang='lat' dir='ltr'>nihil</span> <span class='ocrx_word' id='word_1_76' title='bbox 398 1587 511 1672; x_wconf 89' lang='lat' dir='ltr'>potius</span> <span class='ocrx_word' id='word_1_77' title='bbox 531 1587 672 1670; x_wconf 89' lang='lat' dir='ltr'>cupiunt</span> <span class='ocrx_word' id='word_1_78' title='bbox 687 1606 788 1670; x_wconf 89' lang='lat' dir='ltr'>quam</span> <span class='ocrx_word' id='word_1_79' title='bbox 805 1588 920 1652; x_wconf 91' lang='lat' dir='ltr'>venire</span> <span class='ocrx_word' id='word_1_80' title='bbox 938 1588 973 1650; x_wconf 92' lang='lat' dir='ltr'>in</span> <span class='ocrx_word' id='word_1_81' title='bbox 990 1587 1122 1650; x_wconf 87' lang='lat' dir='ltr'>caelum</span> <span class='ocrx_word' id='word_1_82' title='bbox 1138 1609 1146 1666; x_wconf 89' lang='lat'>;</span> <span class='ocrx_word' id='word_1_83' title='bbox 1170 1607 1279 1670; x_wconf 89' lang='lat' dir='ltr'>paene</span> <span class='ocrx_word' id='word_1_84' title='bbox 1296 1610 1417 1655; x_wconf 90' lang='lat' dir='ltr'>omnes</span> 
     </span>
     <span class='ocr_line' id='line_1_11' title="bbox 295 1681 1417 1768; baseline 0.006 -25"><span class='ocrx_word' id='word_1_85' title='bbox 295 1681 330 1744; x_wconf 94' lang='lat' dir='ltr'>id</span> <span class='ocrx_word' id='word_1_86' title='bbox 353 1692 538 1764; x_wconf 86' lang='lat' dir='ltr'>expetunt,</span> <span class='ocrx_word' id='word_1_87' title='bbox 563 1682 745 1748; x_wconf 89' lang='lat' dir='ltr'>credentes</span> <span class='ocrx_word' id='word_1_88' title='bbox 769 1683 860 1768; x_wconf 89' lang='lat' dir='ltr'>quod</span> <span class='ocrx_word' id='word_1_89' title='bbox 891 1682 1024 1746; x_wconf 90' lang='lat' dir='ltr'>caelum</span> <span class='ocrx_word' id='word_1_90' title='bbox 1048 1703 1116 1746; x_wconf 91' lang='lat' dir='ltr'>non</span> <span class='ocrx_word' id='word_1_91' title='bbox 1146 1683 1191 1746; x_wconf 89' lang='lat' dir='ltr'>sit</span> <span class='ocrx_word' id='word_1_92' title='bbox 1218 1685 1284 1748; x_wconf 88' lang='lat' dir='ltr'>nisi</span> <span class='ocrx_word' id='word_1_93' title='bbox 1315 1706 1417 1768; x_wconf 91' lang='lat' dir='ltr'>quam</span> 
     </span>
     <span class='ocr_line' id='line_1_12' title="bbox 296 1776 1416 1862; baseline 0.007 -24"><span class='ocrx_word' id='word_1_94' title='bbox 296 1776 481 1840; x_wconf 88' lang='lat' dir='ltr'>intromitti</span> <span class='ocrx_word' id='word_1_95' title='bbox 508 1787 543 1842; x_wconf 89' lang='lat' dir='ltr'>et</span> <span class='ocrx_word' id='word_1_96' title='bbox 574 1777 699 1860; x_wconf 90' lang='lat' dir='ltr'>recipi:</span> <span class='ocrx_word' id='word_1_97' title='bbox 733 1787 943 1860; x_wconf 89' lang='lat' dir='ltr'>quapropter</span> <span class='ocrx_word' id='word_1_98' title='bbox 965 1779 1067 1842; x_wconf 89' lang='lat' dir='ltr'>etiam</span> <span class='ocrx_word' id='word_1_99' title='bbox 1094 1779 1173 1861; x_wconf 90' lang='lat' dir='ltr'>quia</span> <span class='ocrx_word' id='word_1_100' title='bbox 1195 1781 1346 1862; x_wconf 90' lang='lat' dir='ltr'>cupiunt,</span> <span class='ocrx_word' id='word_1_101' title='bbox 1372 1783 1416 1846; x_wconf 86' lang='lat' dir='ltr'>ad</span> 
     </span>
     <span class='ocr_line' id='line_1_13' title="bbox 295 1869 1416 1954; baseline 0.008 -21"><span class='ocrx_word' id='word_1_102' title='bbox 295 1871 445 1954; x_wconf 86' lang='lat' dir='ltr'>aliquam</span> <span class='ocrx_word' id='word_1_103' title='bbox 469 1873 672 1936; x_wconf 88' lang='lat' dir='ltr'>societatem</span> <span class='ocrx_word' id='word_1_104' title='bbox 696 1869 782 1936; x_wconf 89' lang='lat' dir='ltr'>caeli</span> <span class='ocrx_word' id='word_1_105' title='bbox 811 1871 922 1936; x_wconf 91' lang='lat' dir='ltr'>ultimi</span> <span class='ocrx_word' id='word_1_106' title='bbox 943 1873 1105 1936; x_wconf 85' lang='lat' dir='ltr'>feruntur.</span> <span class='ocrx_word' id='word_1_107' title='bbox 1152 1871 1219 1954; x_wconf 81' lang='lat' dir='ltr'>Qui</span> <span class='ocrx_word' id='word_1_108' title='bbox 1242 1875 1275 1936; x_wconf 90' lang='lat' dir='ltr'>in</span> <span class='ocrx_word' id='word_1_109' title='bbox 1299 1895 1416 1942; x_wconf 90' lang='lat' dir='ltr'>amore</span> 
     </span>
     <span class='ocr_line' id='line_1_14' title="bbox 296 1965 1415 2050; baseline 0.004 -20"><span class='ocrx_word' id='word_1_110' title='bbox 296 1967 345 2030; x_wconf 91' lang='lat' dir='ltr'>sui</span> <span class='ocrx_word' id='word_1_111' title='bbox 365 1975 400 2030; x_wconf 92' lang='lat' dir='ltr'>et</span> <span class='ocrx_word' id='word_1_112' title='bbox 418 1967 535 2030; x_wconf 91' lang='lat' dir='ltr'>mundi</span> <span class='ocrx_word' id='word_1_113' title='bbox 555 1977 645 2042; x_wconf 87' lang='lat' dir='ltr'>sunt,</span> <span class='ocrx_word' id='word_1_114' title='bbox 667 1987 743 2030; x_wconf 90' lang='lat' dir='ltr'>cum</span> <span class='ocrx_word' id='word_1_115' title='bbox 762 1965 806 2030; x_wconf 90' lang='lat' dir='ltr'>ad</span> <span class='ocrx_word' id='word_1_116' title='bbox 826 1968 970 2050; x_wconf 89' lang='lat' dir='ltr'>primum</span> <span class='ocrx_word' id='word_1_117' title='bbox 988 1966 1091 2030; x_wconf 89' lang='lat' dir='ltr'>limen</span> <span class='ocrx_word' id='word_1_118' title='bbox 1108 1967 1198 2030; x_wconf 93' lang='lat' dir='ltr'>illius</span> <span class='ocrx_word' id='word_1_119' title='bbox 1217 1970 1304 2034; x_wconf 91' lang='lat' dir='ltr'>caeli</span> <span class='ocrx_word' id='word_1_120' title='bbox 1320 1973 1415 2036; x_wconf 89' lang='lat' dir='ltr'>veni·</span> 
     </span>
     <span class='ocr_line' id='line_1_15' title="bbox 297 2061 1424 2151; baseline 0.005 -27"><span class='ocrx_word' id='word_1_121' title='bbox 297 2070 369 2136; x_wconf 90' lang='lat' dir='ltr'>unt,</span> <span class='ocrx_word' id='word_1_122' title='bbox 390 2062 558 2151; x_wconf 86' lang='lat' dir='ltr'>incipiunt</span> <span class='ocrx_word' id='word_1_123' title='bbox 578 2063 659 2144; x_wconf 88' lang='lat' dir='ltr'>angi</span> <span class='ocrx_word' id='word_1_124' title='bbox 679 2081 720 2127; x_wconf 88' lang='lat' dir='ltr'>ac</span> <span class='ocrx_word' id='word_1_125' title='bbox 740 2061 882 2125; x_wconf 89' lang='lat' dir='ltr'>interius</span> <span class='ocrx_word' id='word_1_126' title='bbox 901 2063 951 2124; x_wconf 89' lang='lat' dir='ltr'>ita</span> <span class='ocrx_word' id='word_1_127' title='bbox 970 2063 1121 2138; x_wconf 87' lang='lat' dir='ltr'>cruciari,</span> <span class='ocrx_word' id='word_1_128' title='bbox 1142 2071 1179 2125; x_wconf 93' lang='lat' dir='ltr'>ut</span> <span class='ocrx_word' id='word_1_129' title='bbox 1204 2067 1358 2130; x_wconf 88' lang='lat' dir='ltr'>sentiant</span> <span class='ocrx_word' id='word_1_130' title='bbox 1382 2067 1424 2130; x_wconf 89' lang='lat' dir='ltr'>in·</span> 
     </span>
     <span class='ocr_line' id='line_1_16' title="bbox 295 2155 1414 2239; baseline 0.007 -21"><span class='ocrx_word' id='word_1_131' title='bbox 295 2176 332 2218; x_wconf 88' lang='lat' dir='ltr'>se</span> <span class='ocrx_word' id='word_1_132' title='bbox 348 2155 461 2237; x_wconf 88' lang='lat' dir='ltr'>potius</span> <span class='ocrx_word' id='word_1_133' title='bbox 480 2155 647 2219; x_wconf 80' lang='lat' dir='ltr'>infernum</span> <span class='ocrx_word' id='word_1_134' title='bbox 667 2175 768 2239; x_wconf 88' lang='lat' dir='ltr'>quam</span> <span class='ocrx_word' id='word_1_135' title='bbox 785 2156 942 2234; x_wconf 86' lang='lat' dir='ltr'>caelum;</span> <span class='ocrx_word' id='word_1_136' title='bbox 966 2166 1176 2238; x_wconf 88' lang='lat' dir='ltr'>quapropter</span> <span class='ocrx_word' id='word_1_137' title='bbox 1195 2158 1357 2239; x_wconf 90' lang='lat' dir='ltr'>dejiciunt</span> <span class='ocrx_word' id='word_1_138' title='bbox 1378 2183 1414 2226; x_wconf 89' lang='lat' dir='ltr'>se</span> 
     </span>
     <span class='ocr_line' id='line_1_17' title="bbox 295 2251 1414 2338; baseline 0.006 -27"><span class='ocrx_word' id='word_1_139' title='bbox 295 2251 500 2332; x_wconf 88' lang='lat' dir='ltr'>praecipites</span> <span class='ocrx_word' id='word_1_140' title='bbox 519 2251 608 2328; x_wconf 91' lang='lat' dir='ltr'>inde,</span> <span class='ocrx_word' id='word_1_141' title='bbox 626 2271 688 2314; x_wconf 88' lang='lat' dir='ltr'>nec</span> <span class='ocrx_word' id='word_1_142' title='bbox 709 2251 890 2332; x_wconf 87' lang='lat' dir='ltr'>quiescunt</span> <span class='ocrx_word' id='word_1_143' title='bbox 906 2251 1101 2334; x_wconf 90' lang='lat' dir='ltr'>priusquam</span> <span class='ocrx_word' id='word_1_144' title='bbox 1120 2253 1153 2314; x_wconf 90' lang='lat' dir='ltr'>in</span> <span class='ocrx_word' id='word_1_145' title='bbox 1173 2253 1309 2316; x_wconf 85' lang='lat' dir='ltr'>infernis</span> <span class='ocrx_word' id='word_1_146' title='bbox 1326 2257 1414 2338; x_wconf 90' lang='lat' dir='ltr'>apud</span> 
     </span>
     <span class='ocr_line' id='line_1_18' title="bbox 295 2343 1413 2428; baseline 0.007 -23"><span class='ocrx_word' id='word_1_147' title='bbox 295 2365 383 2407; x_wconf 77' lang='lat' dir='ltr'>suos,</span> <span class='ocrx_word' id='word_1_148' title='bbox 429 2343 571 2427; x_wconf 87' lang='lat' dir='ltr'>Saepius</span> <span class='ocrx_word' id='word_1_149' title='bbox 587 2347 692 2409; x_wconf 89' lang='lat' dir='ltr'>etiam</span> <span class='ocrx_word' id='word_1_150' title='bbox 708 2343 834 2409; x_wconf 62' lang='lat' dir='ltr'>saelum</span> <span class='ocrx_word' id='word_1_151' title='bbox 851 2353 915 2422; x_wconf 86' lang='lat' dir='ltr'>est,</span> <span class='ocrx_word' id='word_1_152' title='bbox 934 2346 1024 2428; x_wconf 92' lang='lat' dir='ltr'>quod</span> <span class='ocrx_word' id='word_1_153' title='bbox 1041 2345 1128 2408; x_wconf 88' lang='lat' dir='ltr'>tales</span> <span class='ocrx_word' id='word_1_154' title='bbox 1144 2347 1413 2414; x_wconf 87' lang='lat' dir='ltr'>desideraverint</span> 
     </span>
     <span class='ocr_line' id='line_1_19' title="bbox 228 2439 1413 2524; baseline 0.005 -24"><span class='ocrx_word' id='word_1_155' title='bbox 228 2445 230 2450; x_wconf 87' lang='lat'>&#39;</span> <span class='ocrx_word' id='word_1_156' title='bbox 295 2459 397 2501; x_wconf 91' lang='lat' dir='ltr'>nosse</span> <span class='ocrx_word' id='word_1_157' title='bbox 416 2441 496 2522; x_wconf 91' lang='lat' dir='ltr'>quid</span> <span class='ocrx_word' id='word_1_158' title='bbox 515 2441 677 2522; x_wconf 89' lang='lat' dir='ltr'>gaudium</span> <span class='ocrx_word' id='word_1_159' title='bbox 698 2439 873 2518; x_wconf 89' lang='lat' dir='ltr'>caeleste;</span> <span class='ocrx_word' id='word_1_160' title='bbox 898 2448 933 2502; x_wconf 91' lang='lat' dir='ltr'>et</span> <span class='ocrx_word' id='word_1_161' title='bbox 953 2459 1029 2502; x_wconf 90' lang='lat' dir='ltr'>cum</span> <span class='ocrx_word' id='word_1_162' title='bbox 1049 2440 1251 2503; x_wconf 85' lang='lat' dir='ltr'>audiverunt</span> <span class='ocrx_word' id='word_1_163' title='bbox 1269 2443 1359 2524; x_wconf 91' lang='lat' dir='ltr'>quod</span> <span class='ocrx_word' id='word_1_164' title='bbox 1381 2446 1413 2507; x_wconf 90' lang='lat' dir='ltr'>in</span> 
     </span>
     <span class='ocr_line' id='line_1_20' title="bbox 295 2533 1413 2618; baseline 0.006 -24"><span class='ocrx_word' id='word_1_165' title='bbox 295 2533 513 2598; x_wconf 89' lang='lat' dir='ltr'>interioribus</span> <span class='ocrx_word' id='word_1_166' title='bbox 536 2535 735 2616; x_wconf 86' lang='lat' dir='ltr'>angelorum</span> <span class='ocrx_word' id='word_1_167' title='bbox 765 2535 822 2609; x_wconf 90' lang='lat' dir='ltr'>sit,</span> <span class='ocrx_word' id='word_1_168' title='bbox 842 2535 1044 2618; x_wconf 89' lang='lat' dir='ltr'>cupiverunt</span> <span class='ocrx_word' id='word_1_169' title='bbox 1067 2537 1413 2601; x_wconf 88' lang='lat' dir='ltr'>communicationem</span> 
     </span>
     <span class='ocr_line' id='line_1_21' title="bbox 295 2625 1413 2712; baseline 0.003 -21"><span class='ocrx_word' id='word_1_170' title='bbox 295 2627 365 2710; x_wconf 90' lang='lat' dir='ltr'>ejus</span> <span class='ocrx_word' id='word_1_171' title='bbox 388 2647 524 2708; x_wconf 89' lang='lat' dir='ltr'>secum;</span> <span class='ocrx_word' id='word_1_172' title='bbox 555 2649 658 2712; x_wconf 89' lang='lat' dir='ltr'>quare</span> <span class='ocrx_word' id='word_1_173' title='bbox 682 2629 786 2692; x_wconf 88' lang='lat' dir='ltr'>etlam</span> <span class='ocrx_word' id='word_1_174' title='bbox 810 2625 935 2692; x_wconf 62' lang='lat' dir='ltr'>latium</span> <span class='ocrx_word' id='word_1_175' title='bbox 959 2637 1026 2704; x_wconf 89' lang='lat' dir='ltr'>est,</span> <span class='ocrx_word' id='word_1_176' title='bbox 1047 2648 1125 2692; x_wconf 86' lang='lat' dir='ltr'>nam</span> <span class='ocrx_word' id='word_1_177' title='bbox 1149 2631 1241 2711; x_wconf 91' lang='lat' dir='ltr'>quod</span> <span class='ocrx_word' id='word_1_178' title='bbox 1265 2632 1413 2712; x_wconf 83' lang='lat' dir='ltr'>spiritus,</span> 
     </span>
     <span class='ocr_line' id='line_1_22' title="bbox 295 2723 1413 2804; baseline 0.002 -18"><span class='ocrx_word' id='word_1_179' title='bbox 295 2724 350 2804; x_wconf 91' lang='lat' dir='ltr'>qui</span> <span class='ocrx_word' id='word_1_180' title='bbox 370 2724 522 2787; x_wconf 92' lang='lat' dir='ltr'>nondum</span> <span class='ocrx_word' id='word_1_181' title='bbox 547 2733 600 2787; x_wconf 88' lang='lat' dir='ltr'>est</span> <span class='ocrx_word' id='word_1_182' title='bbox 624 2725 657 2787; x_wconf 89' lang='lat' dir='ltr'>in</span> <span class='ocrx_word' id='word_1_183' title='bbox 681 2724 779 2787; x_wconf 91' lang='lat' dir='ltr'>caelo</span> <span class='ocrx_word' id='word_1_184' title='bbox 798 2723 853 2786; x_wconf 90' lang='lat' dir='ltr'>vel</span> <span class='ocrx_word' id='word_1_185' title='bbox 876 2725 910 2786; x_wconf 91' lang='lat' dir='ltr'>in</span> <span class='ocrx_word' id='word_1_186' title='bbox 933 2723 1076 2798; x_wconf 86' lang='lat' dir='ltr'>inlern0‚</span> <span class='ocrx_word' id='word_1_187' title='bbox 1096 2726 1201 2804; x_wconf 88' lang='lat' dir='ltr'>cupit,</span> <span class='ocrx_word' id='word_1_188' title='bbox 1222 2724 1287 2787; x_wconf 93' lang='lat' dir='ltr'>hoc</span> <span class='ocrx_word' id='word_1_189' title='bbox 1311 2727 1413 2788; x_wconf 90' lang='lat' dir='ltr'>etiam</span> 
     </span>
     <span class='ocr_line' id='line_1_23' title="bbox 295 2817 1431 2901; baseline 0.002 -20"><span class='ocrx_word' id='word_1_190' title='bbox 295 2819 325 2881; x_wconf 90' lang='lat' dir='ltr'>ei</span> <span class='ocrx_word' id='word_1_191' title='bbox 349 2819 460 2896; x_wconf 89' lang='lat' dir='ltr'>datur,</span> <span class='ocrx_word' id='word_1_192' title='bbox 485 2819 513 2882; x_wconf 90' lang='lat' dir='ltr'>sl</span> <span class='ocrx_word' id='word_1_193' title='bbox 535 2819 709 2882; x_wconf 91' lang='lat' dir='ltr'>conducit.</span> <span class='ocrx_word' id='word_1_194' title='bbox 755 2817 863 2884; x_wconf 76' lang='lat' dir='ltr'>Fatta</span> <span class='ocrx_word' id='word_1_195' title='bbox 885 2817 1208 2894; x_wconf 87' lang='lat' dir='ltr'>communicatione,</span> <span class='ocrx_word' id='word_1_196' title='bbox 1226 2829 1431 2901; x_wconf 82' lang='lat' dir='ltr'>coeperunt</span> 
     </span>
     <span class='ocr_line' id='line_1_24' title="bbox 294 2913 1414 2995; baseline 0.001 -19"><span class='ocrx_word' id='word_1_197' title='bbox 294 2915 446 2990; x_wconf 90' lang='lat' dir='ltr'>cruciari,</span> <span class='ocrx_word' id='word_1_198' title='bbox 476 2915 510 2976; x_wconf 90' lang='lat' dir='ltr'>in</span> <span class='ocrx_word' id='word_1_199' title='bbox 539 2924 677 2978; x_wconf 90' lang='lat' dir='ltr'>tantum</span> <span class='ocrx_word' id='word_1_200' title='bbox 708 2921 745 2976; x_wconf 91' lang='lat' dir='ltr'>ut</span> <span class='ocrx_word' id='word_1_201' title='bbox 776 2913 949 2976; x_wconf 89' lang='lat' dir='ltr'>nescirent</span> <span class='ocrx_word' id='word_1_202' title='bbox 979 2931 1060 2993; x_wconf 89' lang='lat' dir='ltr'>prae</span> <span class='ocrx_word' id='word_1_203' title='bbox 1090 2913 1210 2976; x_wconf 92' lang='lat' dir='ltr'>dolore</span> <span class='ocrx_word' id='word_1_204' title='bbox 1240 2915 1414 2995; x_wconf 92' lang='lat' dir='ltr'>quomodo</span> 
     </span>
     <span class='ocr_line' id='line_1_25' title="bbox 294 3007 1414 3090; baseline 0.002 -20"><span class='ocrx_word' id='word_1_205' title='bbox 294 3009 559 3090; x_wconf 91' lang='lat' dir='ltr'>comprimerent</span> <span class='ocrx_word' id='word_1_206' title='bbox 576 3028 722 3090; x_wconf 88' lang='lat' dir='ltr'>corpus;</span> <span class='ocrx_word' id='word_1_207' title='bbox 745 3008 854 3070; x_wconf 87' lang='lat' dir='ltr'>visum</span> <span class='ocrx_word' id='word_1_208' title='bbox 875 3017 940 3082; x_wconf 90' lang='lat' dir='ltr'>est,</span> <span class='ocrx_word' id='word_1_209' title='bbox 957 3007 1048 3090; x_wconf 92' lang='lat' dir='ltr'>quod</span> <span class='ocrx_word' id='word_1_210' title='bbox 1068 3007 1294 3071; x_wconf 90' lang='lat' dir='ltr'>detruderent</span> <span class='ocrx_word' id='word_1_211' title='bbox 1310 3018 1414 3090; x_wconf 90' lang='lat' dir='ltr'>caput</span> 
     </span>
     <span class='ocr_line' id='line_1_26' title="bbox 294 3101 1414 3185; baseline 0.001 -21"><span class='ocrx_word' id='word_1_212' title='bbox 294 3123 399 3185; x_wconf 88' lang='lat' dir='ltr'>usque</span> <span class='ocrx_word' id='word_1_213' title='bbox 416 3101 459 3165; x_wconf 89' lang='lat' dir='ltr'>ad</span> <span class='ocrx_word' id='word_1_214' title='bbox 475 3103 592 3185; x_wconf 65' lang='lat' dir='ltr'>pedes</span> <span class='ocrx_word' id='word_1_215' title='bbox 610 3123 714 3184; x_wconf 88' lang='lat' dir='ltr'>seque</span> <span class='ocrx_word' id='word_1_216' title='bbox 734 3101 921 3182; x_wconf 89' lang='lat' dir='ltr'>dejicerent</span> <span class='ocrx_word' id='word_1_217' title='bbox 940 3103 974 3164; x_wconf 90' lang='lat' dir='ltr'>in</span> <span class='ocrx_word' id='word_1_218' title='bbox 993 3109 1131 3177; x_wconf 88' lang='lat' dir='ltr'>terram,</span> <span class='ocrx_word' id='word_1_219' title='bbox 1149 3122 1188 3164; x_wconf 89' lang='lat' dir='ltr'>ac</span> <span class='ocrx_word' id='word_1_220' title='bbox 1208 3102 1253 3164; x_wconf 91' lang='lat' dir='ltr'>ibi</span> <span class='ocrx_word' id='word_1_221' title='bbox 1273 3122 1414 3184; x_wconf 87' lang='lat' dir='ltr'>serpen·</span> 
     </span>
     <span class='ocr_line' id='line_1_27' title="bbox 294 3193 1413 3280; baseline 0.001 -21"><span class='ocrx_word' id='word_1_222' title='bbox 294 3197 338 3260; x_wconf 90' lang='lat' dir='ltr'>tis</span> <span class='ocrx_word' id='word_1_223' title='bbox 362 3197 466 3260; x_wconf 93' lang='lat' dir='ltr'>modo</span> <span class='ocrx_word' id='word_1_224' title='bbox 489 3205 756 3280; x_wconf 89' lang='lat' dir='ltr'>contorquerent</span> <span class='ocrx_word' id='word_1_225' title='bbox 779 3216 816 3259; x_wconf 85' lang='lat' dir='ltr'>se</span> <span class='ocrx_word' id='word_1_226' title='bbox 840 3193 874 3258; x_wconf 93' lang='lat' dir='ltr'>in</span> <span class='ocrx_word' id='word_1_227' title='bbox 898 3196 1009 3272; x_wconf 91' lang='lat' dir='ltr'>orbes,</span> <span class='ocrx_word' id='word_1_228' title='bbox 1034 3205 1070 3259; x_wconf 92' lang='lat' dir='ltr'>et</span> <span class='ocrx_word' id='word_1_229' title='bbox 1093 3195 1160 3259; x_wconf 88' lang='lat' dir='ltr'>hoc</span> <span class='ocrx_word' id='word_1_230' title='bbox 1187 3217 1232 3259; x_wconf 86' lang='lat' dir='ltr'>ex</span> <span class='ocrx_word' id='word_1_231' title='bbox 1260 3197 1413 3260; x_wconf 89' lang='lat' dir='ltr'>interiori</span> 
     </span>
     <span class='ocr_line' id='line_1_28' title="bbox 294 3288 1414 3373; baseline 0 -19"><span class='ocrx_word' id='word_1_232' title='bbox 294 3292 456 3354; x_wconf 88' lang='lat' dir='ltr'>cruciatu.</span> <span class='ocrx_word' id='word_1_233' title='bbox 501 3290 622 3354; x_wconf 89' lang='lat' dir='ltr'>Talem</span> <span class='ocrx_word' id='word_1_234' title='bbox 645 3288 802 3354; x_wconf 71' lang='lat' dir='ltr'>effoetum</span> <span class='ocrx_word' id='word_1_235' title='bbox 821 3291 930 3354; x_wconf 90' lang='lat' dir='ltr'>edidit</span> <span class='ocrx_word' id='word_1_236' title='bbox 946 3290 1130 3371; x_wconf 90' lang='lat' dir='ltr'>jucundum</span> <span class='ocrx_word' id='word_1_237' title='bbox 1150 3290 1301 3354; x_wconf 89' lang='lat' dir='ltr'>caeleste</span> <span class='ocrx_word' id='word_1_238' title='bbox 1323 3293 1414 3373; x_wconf 90' lang='lat' dir='ltr'>apud</span> 
     </span>
     <span class='ocr_line' id='line_1_29' title="bbox 294 3384 1415 3468; baseline 0 -19"><span class='ocrx_word' id='word_1_239' title='bbox 294 3385 371 3449; x_wconf 86' lang='lat' dir='ltr'>illos</span> <span class='ocrx_word' id='word_1_240' title='bbox 390 3386 446 3468; x_wconf 92' lang='lat' dir='ltr'>qui</span> <span class='ocrx_word' id='word_1_241' title='bbox 464 3386 499 3449; x_wconf 90' lang='lat' dir='ltr'>in</span> <span class='ocrx_word' id='word_1_242' title='bbox 514 3384 671 3466; x_wconf 86' lang='lat' dir='ltr'>jucundis</span> <span class='ocrx_word' id='word_1_243' title='bbox 694 3405 740 3448; x_wconf 90' lang='lat' dir='ltr'>ex</span> <span class='ocrx_word' id='word_1_244' title='bbox 763 3405 879 3450; x_wconf 88' lang='lat' dir='ltr'>amore</span> <span class='ocrx_word' id='word_1_245' title='bbox 899 3387 948 3448; x_wconf 90' lang='lat' dir='ltr'>sui</span> <span class='ocrx_word' id='word_1_246' title='bbox 968 3393 1004 3448; x_wconf 88' lang='lat' dir='ltr'>et</span> <span class='ocrx_word' id='word_1_247' title='bbox 1022 3385 1140 3447; x_wconf 90' lang='lat' dir='ltr'>mundi</span> <span class='ocrx_word' id='word_1_248' title='bbox 1158 3393 1278 3448; x_wconf 86' lang='lat' dir='ltr'>erant:</span> <span class='ocrx_word' id='word_1_249' title='bbox 1310 3405 1415 3450; x_wconf 90' lang='lat' dir='ltr'>causa</span> 
     </span>
     <span class='ocr_line' id='line_1_30' title="bbox 294 3479 1414 3563; baseline -0.001 -19"><span class='ocrx_word' id='word_1_250' title='bbox 294 3491 359 3554; x_wconf 90' lang='lat' dir='ltr'>est,</span> <span class='ocrx_word' id='word_1_251' title='bbox 379 3481 457 3563; x_wconf 86' lang='lat' dir='ltr'>quia</span> <span class='ocrx_word' id='word_1_252' title='bbox 473 3499 608 3543; x_wconf 89' lang='lat' dir='ltr'>amores</span> <span class='ocrx_word' id='word_1_253' title='bbox 624 3479 673 3542; x_wconf 90' lang='lat' dir='ltr'>illi</span> <span class='ocrx_word' id='word_1_254' title='bbox 692 3499 829 3561; x_wconf 89' lang='lat' dir='ltr'>prorsus</span> <span class='ocrx_word' id='word_1_255' title='bbox 849 3480 1000 3561; x_wconf 88' lang='lat' dir='ltr'>oppositi</span> <span class='ocrx_word' id='word_1_256' title='bbox 1019 3487 1108 3552; x_wconf 89' lang='lat' dir='ltr'>sunt,</span> <span class='ocrx_word' id='word_1_257' title='bbox 1126 3489 1161 3542; x_wconf 92' lang='lat' dir='ltr'>et</span> <span class='ocrx_word' id='word_1_258' title='bbox 1181 3497 1257 3542; x_wconf 92' lang='lat' dir='ltr'>cum</span> <span class='ocrx_word' id='word_1_259' title='bbox 1277 3483 1414 3562; x_wconf 89' lang='lat' dir='ltr'>opposi-</span> 
     </span>
     <span class='ocr_line' id='line_1_31' title="bbox 293 3573 1413 3657; baseline -0.001 -18"><span class='ocrx_word' id='word_1_260' title='bbox 293 3585 367 3640; x_wconf 87' lang='lat' dir='ltr'>tum</span> <span class='ocrx_word' id='word_1_261' title='bbox 390 3577 423 3638; x_wconf 91' lang='lat' dir='ltr'>ln</span> <span class='ocrx_word' id='word_1_262' title='bbox 443 3575 639 3657; x_wconf 89' lang='lat' dir='ltr'>oppositum</span> <span class='ocrx_word' id='word_1_263' title='bbox 662 3575 746 3655; x_wconf 86' lang='lat' dir='ltr'>agit,</span> <span class='ocrx_word' id='word_1_264' title='bbox 766 3573 805 3637; x_wconf 86' lang='lat' dir='ltr'>fit</span> <span class='ocrx_word' id='word_1_265' title='bbox 827 3573 908 3637; x_wconf 89' lang='lat' dir='ltr'>talis</span> <span class='ocrx_word' id='word_1_266' title='bbox 926 3573 1048 3651; x_wconf 90' lang='lat' dir='ltr'>dolor;</span> <span class='ocrx_word' id='word_1_267' title='bbox 1079 3581 1115 3636; x_wconf 90' lang='lat' dir='ltr'>et</span> <span class='ocrx_word' id='word_1_268' title='bbox 1134 3575 1212 3655; x_wconf 88' lang='lat' dir='ltr'>quia</span> <span class='ocrx_word' id='word_1_269' title='bbox 1227 3573 1413 3655; x_wconf 88' lang='lat' dir='ltr'>jucundum</span> 
     </span>
     <span class='ocr_line' id='line_1_32' title="bbox 294 3669 1412 3752; baseline -0.002 -17"><span class='ocrx_word' id='word_1_270' title='bbox 294 3670 445 3735; x_wconf 87' lang='lat' dir='ltr'>caeleste</span> <span class='ocrx_word' id='word_1_271' title='bbox 463 3671 571 3734; x_wconf 89' lang='lat' dir='ltr'>intrat</span> <span class='ocrx_word' id='word_1_272' title='bbox 590 3671 757 3751; x_wconf 90' lang='lat' dir='ltr'>perviam</span> <span class='ocrx_word' id='word_1_273' title='bbox 780 3671 964 3744; x_wconf 86' lang='lat' dir='ltr'>internam,</span> <span class='ocrx_word' id='word_1_274' title='bbox 985 3688 1025 3732; x_wconf 90' lang='lat' dir='ltr'>ac</span> <span class='ocrx_word' id='word_1_275' title='bbox 1049 3669 1158 3732; x_wconf 89' lang='lat' dir='ltr'>influit</span> <span class='ocrx_word' id='word_1_276' title='bbox 1177 3671 1210 3732; x_wconf 89' lang='lat' dir='ltr'>in</span> <span class='ocrx_word' id='word_1_277' title='bbox 1226 3669 1412 3752; x_wconf 87' lang='lat' dir='ltr'>jucundum</span> 
     </span>
     <span class='ocr_line' id='line_1_33' title="bbox 293 3755 1412 3847; baseline -0.003 -17"><span class='ocrx_word' id='word_1_278' title='bbox 293 3767 660 3847; x_wconf 87' lang='lat' dir='ltr'>contrarium‚t0rquet</span> <span class='ocrx_word' id='word_1_279' title='bbox 675 3765 839 3828; x_wconf 88' lang='lat' dir='ltr'>interiora</span> <span class='ocrx_word' id='word_1_280' title='bbox 854 3755 942 3847; x_wconf 87' lang='lat' dir='ltr'>qu&#39;ae</span> <span class='ocrx_word' id='word_1_281' title='bbox 960 3765 994 3826; x_wconf 89' lang='lat' dir='ltr'>in</span> <span class='ocrx_word' id='word_1_282' title='bbox 1010 3763 1161 3845; x_wconf 89' lang='lat' dir='ltr'>jucundo</span> <span class='ocrx_word' id='word_1_283' title='bbox 1176 3763 1237 3828; x_wconf 89' lang='lat' dir='ltr'>illo</span> <span class='ocrx_word' id='word_1_284' title='bbox 1252 3775 1342 3838; x_wconf 83' lang='lat' dir='ltr'>sunt,</span> <span class='ocrx_word' id='word_1_285' title='bbox 1359 3786 1412 3828; x_wconf 90' lang='lat' dir='ltr'>re·</span> 
     </span>
     <span class='ocr_line' id='line_1_34' title="bbox 293 3858 1413 3940; baseline -0.003 -15"><span class='ocrx_word' id='word_1_286' title='bbox 293 3871 451 3934; x_wconf 72' lang='lat' dir='ltr'>morsum,</span> <span class='ocrx_word' id='word_1_287' title='bbox 465 3861 515 3923; x_wconf 91' lang='lat' dir='ltr'>ita</span> <span class='ocrx_word' id='word_1_288' title='bbox 530 3861 564 3923; x_wconf 90' lang='lat' dir='ltr'>in</span> <span class='ocrx_word' id='word_1_289' title='bbox 582 3859 644 3922; x_wconf 88' lang='lat' dir='ltr'>sibi</span> <span class='ocrx_word' id='word_1_290' title='bbox 657 3859 873 3940; x_wconf 67' lang='lat' dir='ltr'>oppositum</span> <span class='ocrx_word' id='word_1_291' title='bbox 893 3859 972 3922; x_wconf 89' lang='lat' dir='ltr'>inde</span> <span class='ocrx_word' id='word_1_292' title='bbox 988 3859 1078 3923; x_wconf 83' lang='lat' dir='ltr'>tales</span> <span class='ocrx_word' id='word_1_293' title='bbox 1094 3860 1272 3922; x_wconf 84' lang='lat' dir='ltr'>cruciatus.</span> <span class='ocrx_word' id='word_1_294' title='bbox 1310 3858 1413 3940; x_wconf 85' lang='lat' dir='ltr'>Quod</span> 
     </span>
     <span class='ocr_line' id='line_1_35' title="bbox 293 3951 1412 4038; baseline -0.001 -19"><span class='ocrx_word' id='word_1_295' title='bbox 293 3956 443 4038; x_wconf 83' lang='lat' dir='ltr'>oppositi</span> <span class='ocrx_word' id='word_1_296' title='bbox 459 3955 540 4029; x_wconf 85' lang='lat' dir='ltr'>sint,</span> <span class='ocrx_word' id='word_1_297' title='bbox 556 3963 622 4029; x_wconf 86' lang='lat' dir='ltr'>est,</span> <span class='ocrx_word' id='word_1_298' title='bbox 639 3962 677 4018; x_wconf 91' lang='lat' dir='ltr'>ut</span> <span class='ocrx_word' id='word_1_299' title='bbox 694 3973 796 4036; x_wconf 89' lang='lat' dir='ltr'>supra</span> <span class='ocrx_word' id='word_1_300' title='bbox 811 3951 939 4018; x_wconf 64' lang='lat' dir='ltr'>ditium</span> <span class='ocrx_word' id='word_1_301' title='bbox 955 3963 1018 4029; x_wconf 87' lang='lat' dir='ltr'>est,</span> <span class='ocrx_word' id='word_1_302' title='bbox 1036 3955 1114 4036; x_wconf 90' lang='lat' dir='ltr'>quia</span> <span class='ocrx_word' id='word_1_303' title='bbox 1129 3973 1226 4016; x_wconf 88' lang='lat' dir='ltr'>amor</span> <span class='ocrx_word' id='word_1_304' title='bbox 1241 3955 1275 4018; x_wconf 89' lang='lat' dir='ltr'>in</span> <span class='ocrx_word' id='word_1_305' title='bbox 1292 3953 1412 4018; x_wconf 91' lang='lat' dir='ltr'>Domi·</span> 
     </span>
     <span class='ocr_line' id='line_1_36' title="bbox 294 4047 1413 4129; baseline 0 -17"><span class='ocrx_word' id='word_1_306' title='bbox 294 4069 373 4112; x_wconf 90' lang='lat' dir='ltr'>num</span> <span class='ocrx_word' id='word_1_307' title='bbox 393 4058 429 4112; x_wconf 91' lang='lat' dir='ltr'>et</span> <span class='ocrx_word' id='word_1_308' title='bbox 447 4068 543 4112; x_wconf 90' lang='lat' dir='ltr'>amor</span> <span class='ocrx_word' id='word_1_309' title='bbox 561 4067 643 4129; x_wconf 86' lang='lat' dir='ltr'>erga</span> <span class='ocrx_word' id='word_1_310' title='bbox 661 4049 855 4129; x_wconf 83' lang='lat' dir='ltr'>proximum</span> <span class='ocrx_word' id='word_1_311' title='bbox 886 4047 1007 4112; x_wconf 87' lang='lat' dir='ltr'>volunt</span> <span class='ocrx_word' id='word_1_312' title='bbox 1026 4049 1279 4112; x_wconf 86' lang='lat' dir='ltr'>communicare</span> <span class='ocrx_word' id='word_1_313' title='bbox 1297 4050 1413 4112; x_wconf 90' lang='lat' dir='ltr'>omnia</span> 
     </span>
     <span class='ocr_line' id='line_1_37' title="bbox 291 4142 1412 4224; baseline -0.001 -15"><span class='ocrx_word' id='word_1_314' title='bbox 291 4165 353 4211; x_wconf 89' lang='lat' dir='ltr'>sua</span> <span class='ocrx_word' id='word_1_315' title='bbox 369 4144 456 4215; x_wconf 83' lang='lat' dir='ltr'>aliis,</span> <span class='ocrx_word' id='word_1_316' title='bbox 482 4143 547 4206; x_wconf 91' lang='lat' dir='ltr'>hoc</span> <span class='ocrx_word' id='word_1_317' title='bbox 571 4143 662 4206; x_wconf 88' lang='lat' dir='ltr'>enim</span> <span class='ocrx_word' id='word_1_318' title='bbox 681 4161 798 4207; x_wconf 91' lang='lat' dir='ltr'>eorum</span> <span class='ocrx_word' id='word_1_319' title='bbox 818 4142 1004 4224; x_wconf 88' lang='lat' dir='ltr'>jucundum</span> <span class='ocrx_word' id='word_1_320' title='bbox 1034 4153 1099 4216; x_wconf 88' lang='lat' dir='ltr'>est,</span> <span class='ocrx_word' id='word_1_321' title='bbox 1123 4152 1160 4206; x_wconf 88' lang='lat' dir='ltr'>et</span> <span class='ocrx_word' id='word_1_322' title='bbox 1183 4162 1280 4208; x_wconf 91' lang='lat' dir='ltr'>amor</span> <span class='ocrx_word' id='word_1_323' title='bbox 1303 4145 1353 4207; x_wconf 89' lang='lat' dir='ltr'>sui</span> <span class='ocrx_word' id='word_1_324' title='bbox 1376 4153 1412 4208; x_wconf 90' lang='lat' dir='ltr'>et</span> 
     </span>
     <span class='ocr_line' id='line_1_38' title="bbox 293 4237 1410 4320; baseline -0.001 -19"><span class='ocrx_word' id='word_1_325' title='bbox 293 4239 409 4301; x_wconf 91' lang='lat' dir='ltr'>mundi</span> <span class='ocrx_word' id='word_1_326' title='bbox 427 4237 548 4302; x_wconf 91' lang='lat' dir='ltr'>volunt</span> <span class='ocrx_word' id='word_1_327' title='bbox 567 4237 696 4302; x_wconf 90' lang='lat' dir='ltr'>aulerre</span> <span class='ocrx_word' id='word_1_328' title='bbox 715 4237 790 4302; x_wconf 86' lang='lat' dir='ltr'>aliis</span> <span class='ocrx_word' id='word_1_329' title='bbox 809 4259 880 4313; x_wconf 87' lang='lat' dir='ltr'>sua,</span> <span class='ocrx_word' id='word_1_330' title='bbox 897 4248 933 4302; x_wconf 92' lang='lat' dir='ltr'>et</span> <span class='ocrx_word' id='word_1_331' title='bbox 952 4239 996 4302; x_wconf 92' lang='lat' dir='ltr'>ad</span> <span class='ocrx_word' id='word_1_332' title='bbox 1012 4259 1050 4302; x_wconf 90' lang='lat' dir='ltr'>se</span> <span class='ocrx_word' id='word_1_333' title='bbox 1068 4239 1233 4312; x_wconf 87' lang='lat' dir='ltr'>derivare,</span> <span class='ocrx_word' id='word_1_334' title='bbox 1251 4247 1286 4302; x_wconf 91' lang='lat' dir='ltr'>et</span> <span class='ocrx_word' id='word_1_335' title='bbox 1304 4258 1410 4320; x_wconf 88' lang='lat' dir='ltr'>quan·</span> 
     </span>
     <span class='ocr_line' id='line_1_39' title="bbox 293 4331 1412 4416; baseline 0 -20"><span class='ocrx_word' id='word_1_336' title='bbox 293 4343 367 4396; x_wconf 89' lang='lat' dir='ltr'>tum</span> <span class='ocrx_word' id='word_1_337' title='bbox 383 4333 448 4398; x_wconf 89' lang='lat' dir='ltr'>hoc</span> <span class='ocrx_word' id='word_1_338' title='bbox 465 4343 609 4415; x_wconf 89' lang='lat' dir='ltr'>possunt</span> <span class='ocrx_word' id='word_1_339' title='bbox 627 4342 762 4398; x_wconf 89' lang='lat' dir='ltr'>tantum</span> <span class='ocrx_word' id='word_1_340' title='bbox 783 4332 816 4396; x_wconf 89' lang='lat' dir='ltr'>in</span> <span class='ocrx_word' id='word_1_341' title='bbox 832 4331 982 4412; x_wconf 90' lang='lat' dir='ltr'>jucundo</span> <span class='ocrx_word' id='word_1_342' title='bbox 998 4341 1088 4396; x_wconf 90' lang='lat' dir='ltr'>sunt.</span> <span class='ocrx_word' id='word_1_343' title='bbox 1134 4332 1190 4396; x_wconf 89' lang='lat' dir='ltr'>Ex</span> <span class='ocrx_word' id='word_1_344' title='bbox 1206 4332 1259 4394; x_wconf 88' lang='lat' dir='ltr'>his</span> <span class='ocrx_word' id='word_1_345' title='bbox 1278 4353 1412 4416; x_wconf 89' lang='lat' dir='ltr'>quoque</span> 
     </span>
     <span class='ocr_line' id='line_1_40' title="bbox 293 4427 1411 4510; baseline 0 -20"><span class='ocrx_word' id='word_1_346' title='bbox 293 4429 379 4491; x_wconf 89' lang='lat' dir='ltr'>scire</span> <span class='ocrx_word' id='word_1_347' title='bbox 395 4436 522 4509; x_wconf 87' lang='lat' dir='ltr'>potest,</span> <span class='ocrx_word' id='word_1_348' title='bbox 536 4427 626 4492; x_wconf 92' lang='lat' dir='ltr'>unde</span> <span class='ocrx_word' id='word_1_349' title='bbox 642 4436 695 4492; x_wconf 91' lang='lat' dir='ltr'>est</span> <span class='ocrx_word' id='word_1_350' title='bbox 711 4427 802 4510; x_wconf 90' lang='lat' dir='ltr'>quod</span> <span class='ocrx_word' id='word_1_351' title='bbox 819 4427 983 4490; x_wconf 79' lang='lat' dir='ltr'>infernum</span> <span class='ocrx_word' id='word_1_352' title='bbox 997 4428 1042 4490; x_wconf 91' lang='lat' dir='ltr'>sit</span> <span class='ocrx_word' id='word_1_353' title='bbox 1054 4437 1250 4510; x_wconf 88' lang='lat' dir='ltr'>separatum</span> <span class='ocrx_word' id='word_1_354' title='bbox 1267 4448 1287 4490; x_wconf 95' lang='lat' dir='ltr'>a</span> <span class='ocrx_word' id='word_1_355' title='bbox 1303 4427 1411 4500; x_wconf 81' lang='lat' dir='ltr'>caele,</span> 
     </span>
     <span class='ocr_line' id='line_1_41' title="bbox 293 4521 1413 4603; baseline 0 -19"><span class='ocrx_word' id='word_1_356' title='bbox 293 4541 413 4586; x_wconf 89' lang='lat' dir='ltr'>omnes</span> <span class='ocrx_word' id='word_1_357' title='bbox 432 4524 522 4586; x_wconf 90' lang='lat' dir='ltr'>enim</span> <span class='ocrx_word' id='word_1_358' title='bbox 542 4523 598 4603; x_wconf 90' lang='lat' dir='ltr'>qui</span> <span class='ocrx_word' id='word_1_359' title='bbox 618 4523 651 4584; x_wconf 91' lang='lat' dir='ltr'>in</span> <span class='ocrx_word' id='word_1_360' title='bbox 671 4521 802 4584; x_wconf 91' lang='lat' dir='ltr'>inlerno</span> <span class='ocrx_word' id='word_1_361' title='bbox 821 4531 911 4596; x_wconf 88' lang='lat' dir='ltr'>sunt,</span> <span class='ocrx_word' id='word_1_362' title='bbox 932 4521 1077 4596; x_wconf 86' lang='lat' dir='ltr'>luerunt,</span> <span class='ocrx_word' id='word_1_363' title='bbox 1098 4543 1174 4586; x_wconf 88' lang='lat' dir='ltr'>eum</span> <span class='ocrx_word' id='word_1_364' title='bbox 1195 4524 1355 4585; x_wconf 85' lang='lat' dir='ltr'>vixerunt</span> <span class='ocrx_word' id='word_1_365' title='bbox 1379 4522 1413 4584; x_wconf 92' lang='lat' dir='ltr'>in</span> 
     </span>
     <span class='ocr_line' id='line_1_42' title="bbox 293 4615 1413 4698; baseline -0.002 -16"><span class='ocrx_word' id='word_1_366' title='bbox 293 4617 433 4694; x_wconf 88' lang='lat' dir='ltr'>mund0,</span> <span class='ocrx_word' id='word_1_367' title='bbox 454 4618 489 4682; x_wconf 91' lang='lat' dir='ltr'>in</span> <span class='ocrx_word' id='word_1_368' title='bbox 512 4617 595 4682; x_wconf 89' lang='lat' dir='ltr'>solis</span> <span class='ocrx_word' id='word_1_369' title='bbox 614 4615 773 4697; x_wconf 89' lang='lat' dir='ltr'>jucundis</span> <span class='ocrx_word' id='word_1_370' title='bbox 796 4616 949 4698; x_wconf 87' lang='lat' dir='ltr'>corporis</span> <span class='ocrx_word' id='word_1_371' title='bbox 972 4625 1008 4682; x_wconf 90' lang='lat' dir='ltr'>et</span> <span class='ocrx_word' id='word_1_372' title='bbox 1032 4619 1143 4680; x_wconf 87' lang='lat' dir='ltr'>carnis</span> <span class='ocrx_word' id='word_1_373' title='bbox 1162 4639 1206 4681; x_wconf 89' lang='lat' dir='ltr'>ex</span> <span class='ocrx_word' id='word_1_374' title='bbox 1227 4637 1343 4682; x_wconf 89' lang='lat' dir='ltr'>amore</span> <span class='ocrx_word' id='word_1_375' title='bbox 1363 4619 1413 4680; x_wconf 89' lang='lat' dir='ltr'>sui</span> 
     </span>
    </p>
   </div>
   <div class='ocr_carea' id='block_1_3' title="bbox 0 0 1708 5358">
    <p class='ocr_par' dir='ltr' id='par_1_3' title="bbox 0 0 1708 5358">
     <span class='ocr_line' id='line_1_43' title="bbox 0 0 1708 5358; baseline 0 1"><span class='ocrx_word' id='word_1_376' title='bbox 0 0 1708 5358; x_wconf 95' lang='lat' dir='ltr'> </span> 
     </span>
    </p>
   </div>
  </div>
 </body>
</html>
