<?xml version="1.0" encoding="UTF-8"?>
<!DOCTYPE html PUBLIC "-//W3C//DTD XHTML 1.0 Transitional//EN"
    "http://www.w3.org/TR/xhtml1/DTD/xhtml1-transitional.dtd">
<html xmlns="http://www.w3.org/1999/xhtml" xml:lang="en" lang="en">
 <head>
  <title>
</title>
<meta http-equiv="Content-Type" content="text/html;charset=utf-8" />
  <meta name='ocr-system' content='tesseract 3.04.00' />
  <meta name='ocr-capabilities' content='ocr_page ocr_carea ocr_par ocr_line ocrx_word'/>
</head>
<body>
  <div class='ocr_page' id='page_1' title='image "./decaeloetejusmi00swedgoog_0392.png"; bbox 0 0 3350 5366; ppageno 0'>
   <div class='ocr_carea' id='block_1_1' title="bbox 304 610 1341 692">
    <p class='ocr_par' dir='ltr' id='par_1_1' title="bbox 304 610 1341 692">
     <span class='ocr_line' id='line_1_1' title="bbox 304 610 1341 692; baseline -0.007 -11"><span class='ocrx_word' id='word_1_1' title='bbox 304 631 354 681; x_wconf 81' lang='lat' dir='ltr'>no</span> <span class='ocrx_word' id='word_1_2' title='bbox 374 623 624 692; x_wconf 76' lang='lat' dir='ltr'>naounronro</span> <span class='ocrx_word' id='word_1_3' title='bbox 641 617 760 678; x_wconf 74' lang='lat' dir='ltr'>entare</span> <span class='ocrx_word' id='word_1_4' title='bbox 779 621 937 678; x_wconf 76' lang='lat' dir='ltr'>cessure</span> <span class='ocrx_word' id='word_1_5' title='bbox 955 621 1005 674; x_wconf 79' lang='lat' dir='ltr'>ar·</span> <span class='ocrx_word' id='word_1_6' title='bbox 1023 621 1237 676; x_wconf 77' lang='lat' dir='ltr'>rnrunnuu.</span> <span class='ocrx_word' id='word_1_7' title='bbox 1282 610 1341 692; x_wconf 79' lang='lat'>385</span> 
     </span>
    </p>
   </div>
   <div class='ocr_carea' id='block_1_2' title="bbox 227 785 1360 1260">
    <p class='ocr_par' dir='ltr' id='par_1_2' title="bbox 227 785 1360 1260">
     <span class='ocr_line' id='line_1_2' title="bbox 228 785 1344 882; baseline -0.004 -20"><span class='ocrx_word' id='word_1_8' title='bbox 228 785 490 862; x_wconf 81' lang='lat' dir='ltr'>absconsionem</span> <span class='ocrx_word' id='word_1_9' title='bbox 502 793 718 880; x_wconf 85' lang='lat' dir='ltr'>quorundam</span> <span class='ocrx_word' id='word_1_10' title='bbox 728 794 938 882; x_wconf 74' lang='lat' dir='ltr'>infernorum</span> <span class='ocrx_word' id='word_1_11' title='bbox 951 794 1195 878; x_wconf 74' lang='lat' dir='ltr'>suo-operturis</span> <span class='ocrx_word' id='word_1_12' title='bbox 1206 792 1344 858; x_wconf 81' lang='lat' dir='ltr'>densiu-</span> 
     </span>
     <span class='ocr_line' id='line_1_3' title="bbox 228 888 1341 972; baseline -0.002 -16"><span class='ocrx_word' id='word_1_13' title='bbox 228 894 319 957; x_wconf 81' lang='lat' dir='ltr'>ribus</span> <span class='ocrx_word' id='word_1_14' title='bbox 333 901 371 958; x_wconf 87' lang='lat' dir='ltr'>et</span> <span class='ocrx_word' id='word_1_15' title='bbox 386 892 626 970; x_wconf 80' lang='lat' dir='ltr'>crassioribos3</span> <span class='ocrx_word' id='word_1_16' title='bbox 649 899 723 955; x_wconf 86' lang='lat' dir='ltr'>tum</span> <span class='ocrx_word' id='word_1_17' title='bbox 735 890 780 954; x_wconf 87' lang='lat' dir='ltr'>ad</span> <span class='ocrx_word' id='word_1_18' title='bbox 796 889 1038 954; x_wconf 72' lang='lat' dir='ltr'>demissionem</span> <span class='ocrx_word' id='word_1_19' title='bbox 1053 890 1086 952; x_wconf 89' lang='lat' dir='ltr'>in</span> <span class='ocrx_word' id='word_1_20' title='bbox 1103 888 1341 972; x_wconf 61' lang='lat' dir='ltr'>promoerium</span> 
     </span>
     <span class='ocr_line' id='line_1_4' title="bbox 228 983 1352 1070; baseline -0.003 -19"><span class='ocrx_word' id='word_1_21' title='bbox 228 997 367 1070; x_wconf 86' lang='lat' dir='ltr'>praeter</span> <span class='ocrx_word' id='word_1_22' title='bbox 386 985 454 1052; x_wconf 86' lang='lat' dir='ltr'>alia</span> <span class='ocrx_word' id='word_1_23' title='bbox 468 1009 481 1066; x_wconf 90' lang='lat'>;.</span> <span class='ocrx_word' id='word_1_24' title='bbox 507 989 612 1051; x_wconf 88' lang='lat' dir='ltr'>etiam</span> <span class='ocrx_word' id='word_1_25' title='bbox 635 988 669 1050; x_wconf 88' lang='lat' dir='ltr'>in</span> <span class='ocrx_word' id='word_1_26' title='bbox 692 985 800 1050; x_wconf 85' lang='lat' dir='ltr'>caelis</span> <span class='ocrx_word' id='word_1_27' title='bbox 819 985 876 1067; x_wconf 89' lang='lat' dir='ltr'>qui</span> <span class='ocrx_word' id='word_1_28' title='bbox 897 1001 1001 1065; x_wconf 87' lang='lat' dir='ltr'>super</span> <span class='ocrx_word' id='word_1_29' title='bbox 1021 984 1090 1047; x_wconf 86' lang='lat' dir='ltr'>illa.</span> <span class='ocrx_word' id='word_1_30' title='bbox 1136 984 1233 1048; x_wconf 80' lang='lat' dir='ltr'>Haec</span> <span class='ocrx_word' id='word_1_31' title='bbox 1252 983 1352 1048; x_wconf 44' lang='lat' dir='ltr'>dieta*</span> 
     </span>
     <span class='ocr_line' id='line_1_5' title="bbox 228 1078 1344 1165; baseline -0.003 -19"><span class='ocrx_word' id='word_1_32' title='bbox 228 1093 318 1155; x_wconf 80' lang='lat' dir='ltr'>sunt,</span> <span class='ocrx_word' id='word_1_33' title='bbox 342 1093 380 1145; x_wconf 86' lang='lat' dir='ltr'>ut</span> <span class='ocrx_word' id='word_1_34' title='bbox 410 1081 524 1165; x_wconf 71' lang='lat' dir='ltr'>aliquo</span> <span class='ocrx_word' id='word_1_35' title='bbox 551 1080 655 1145; x_wconf 90' lang='lat' dir='ltr'>modo</span> <span class='ocrx_word' id='word_1_36' title='bbox 684 1081 902 1163; x_wconf 80' lang='lat' dir='ltr'>percipiatur,</span> <span class='ocrx_word' id='word_1_37' title='bbox 926 1079 1017 1161; x_wconf 83' lang='lat' dir='ltr'>quod</span> <span class='ocrx_word' id='word_1_38' title='bbox 1048 1078 1218 1142; x_wconf 79' lang='lat' dir='ltr'>Dominus</span> <span class='ocrx_word' id='word_1_39' title='bbox 1249 1079 1344 1144; x_wconf 80' lang='lat' dir='ltr'>solus</span> 
     </span>
     <span class='ocr_line' id='line_1_6' title="bbox 227 1173 1360 1260; baseline -0.002 -20"><span class='ocrx_word' id='word_1_40' title='bbox 227 1177 419 1260; x_wconf 87' lang='lat' dir='ltr'>provideat,</span> <span class='ocrx_word' id='word_1_41' title='bbox 439 1187 476 1240; x_wconf 94' lang='lat' dir='ltr'>ut</span> <span class='ocrx_word' id='word_1_42' title='bbox 500 1177 610 1240; x_wconf 85' lang='lat' dir='ltr'>ubivis</span> <span class='ocrx_word' id='word_1_43' title='bbox 631 1175 867 1258; x_wconf 86' lang='lat' dir='ltr'>aequilibrium</span> <span class='ocrx_word' id='word_1_44' title='bbox 890 1175 981 1236; x_wconf 92' lang='lat' dir='ltr'>inter</span> <span class='ocrx_word' id='word_1_45' title='bbox 1003 1173 1134 1237; x_wconf 74' lang='lat' dir='ltr'>bonurn</span> <span class='ocrx_word' id='word_1_46' title='bbox 1155 1183 1192 1237; x_wconf 85' lang='lat' dir='ltr'>et</span> <span class='ocrx_word' id='word_1_47' title='bbox 1214 1173 1360 1238; x_wconf 48' lang='lat' dir='ltr'>mum*</span> 
     </span>
    </p>
   </div>
   <div class='ocr_carea' id='block_1_3' title="bbox 227 1269 1342 1544">
    <p class='ocr_par' dir='ltr' id='par_1_3' title="bbox 227 1269 1342 1544">
     <span class='ocr_line' id='line_1_7' title="bbox 228 1269 1342 1352; baseline 0 -19"><span class='ocrx_word' id='word_1_48' title='bbox 228 1273 284 1344; x_wconf 88' lang='lat' dir='ltr'>sit.</span> <span class='ocrx_word' id='word_1_49' title='bbox 304 1274 354 1335; x_wconf 85' lang='lat' dir='ltr'>ita</span> <span class='ocrx_word' id='word_1_50' title='bbox 375 1273 465 1335; x_wconf 88' lang='lat' dir='ltr'>inter</span> <span class='ocrx_word' id='word_1_51' title='bbox 488 1271 620 1334; x_wconf 87' lang='lat' dir='ltr'>caelum</span> <span class='ocrx_word' id='word_1_52' title='bbox 644 1281 684 1334; x_wconf 90' lang='lat' dir='ltr'>et·</span> <span class='ocrx_word' id='word_1_53' title='bbox 703 1269 889 1346; x_wconf 65' lang='lat' dir='ltr'>infernum</span> <span class='ocrx_word' id='word_1_54' title='bbox 918 1287 997 1332; x_wconf 87' lang='lat' dir='ltr'>nam</span> <span class='ocrx_word' id='word_1_55' title='bbox 1021 1289 1122 1350; x_wconf 90' lang='lat' dir='ltr'>super</span> <span class='ocrx_word' id='word_1_56' title='bbox 1144 1269 1342 1352; x_wconf 85' lang='lat' dir='ltr'>aequilibrio</span> 
     </span>
     <span class='ocr_line' id='line_1_8' title="bbox 227 1363 1341 1439; baseline 0 -11"><span class='ocrx_word' id='word_1_57' title='bbox 227 1366 289 1428; x_wconf 91' lang='lat' dir='ltr'>tali</span> <span class='ocrx_word' id='word_1_58' title='bbox 307 1366 467 1430; x_wconf 79' lang='lat' dir='ltr'>fundatur</span> <span class='ocrx_word' id='word_1_59' title='bbox 486 1365 578 1428; x_wconf 90' lang='lat' dir='ltr'>salus</span> <span class='ocrx_word' id='word_1_60' title='bbox 597 1366 750 1429; x_wconf 81' lang='lat' dir='ltr'>omnium</span> <span class='ocrx_word' id='word_1_61' title='bbox 766 1366 803 1428; x_wconf 86' lang='lat' dir='ltr'>in</span> <span class='ocrx_word' id='word_1_62' title='bbox 819 1363 939 1439; x_wconf 72' lang='lat' dir='ltr'>caelis,</span> <span class='ocrx_word' id='word_1_63' title='bbox 952 1374 989 1427; x_wconf 94' lang='lat' dir='ltr'>et</span> <span class='ocrx_word' id='word_1_64' title='bbox 1007 1365 1158 1428; x_wconf 91' lang='lat' dir='ltr'>omnium</span> <span class='ocrx_word' id='word_1_65' title='bbox 1177 1365 1212 1427; x_wconf 93' lang='lat' dir='ltr'>in</span> <span class='ocrx_word' id='word_1_66' title='bbox 1231 1367 1341 1428; x_wconf 90' lang='lat' dir='ltr'>terris.</span> 
     </span>
     <span class='ocr_line' id='line_1_9' title="bbox 288 1459 1341 1544; baseline -0.001 -19"><span class='ocrx_word' id='word_1_67' title='bbox 288 1475 391 1544; x_wconf 69' lang='lat'>595.</span> <span class='ocrx_word' id='word_1_68' title='bbox 420 1459 603 1526; x_wconf 86' lang='lat' dir='ltr'>Sciendum</span> <span class='ocrx_word' id='word_1_69' title='bbox 623 1461 786 1543; x_wconf 90' lang='lat' dir='ltr'>estquod</span> <span class='ocrx_word' id='word_1_70' title='bbox 805 1460 935 1524; x_wconf 82' lang='lat' dir='ltr'>inferna</span> <span class='ocrx_word' id='word_1_71' title='bbox 953 1461 1116 1524; x_wconf 87' lang='lat' dir='ltr'>continue</span> <span class='ocrx_word' id='word_1_72' title='bbox 1134 1461 1341 1542; x_wconf 85' lang='lat' dir='ltr'>aggredian-</span> 
     </span>
    </p>
   </div>
   <div class='ocr_carea' id='block_1_4' title="bbox 226 1554 1463 1636">
    <p class='ocr_par' dir='ltr' id='par_1_4' title="bbox 226 1554 1463 1636">
     <span class='ocr_line' id='line_1_10' title="bbox 226 1554 1463 1636; baseline 0 -18"><span class='ocrx_word' id='word_1_73' title='bbox 226 1565 282 1618; x_wconf 85' lang='lat' dir='ltr'>tur</span> <span class='ocrx_word' id='word_1_74' title='bbox 293 1555 438 1630; x_wconf 87' lang='lat' dir='ltr'>caelum‚</span> <span class='ocrx_word' id='word_1_75' title='bbox 452 1566 488 1620; x_wconf 87' lang='lat' dir='ltr'>et</span> <span class='ocrx_word' id='word_1_76' title='bbox 505 1565 675 1620; x_wconf 89' lang='lat' dir='ltr'>conentur</span> <span class='ocrx_word' id='word_1_77' title='bbox 689 1556 866 1618; x_wconf 86' lang='lat' dir='ltr'>destruere</span> <span class='ocrx_word' id='word_1_78' title='bbox 882 1554 987 1632; x_wconf 88' lang='lat' dir='ltr'>illud;</span> <span class='ocrx_word' id='word_1_79' title='bbox 1011 1564 1046 1618; x_wconf 93' lang='lat' dir='ltr'>et</span> <span class='ocrx_word' id='word_1_80' title='bbox 1065 1557 1155 1636; x_wconf 93' lang='lat' dir='ltr'>quod</span> <span class='ocrx_word' id='word_1_81' title='bbox 1173 1555 1340 1618; x_wconf 87' lang='lat' dir='ltr'>Dominus</span> <span class='ocrx_word' id='word_1_82' title='bbox 1462 1571 1463 1574; x_wconf 73' lang='grc'>’</span> 
     </span>
    </p>
   </div>
   <div class='ocr_carea' id='block_1_5' title="bbox 213 1648 1389 4671">
    <p class='ocr_par' dir='ltr' id='par_1_5' title="bbox 219 1648 1351 3041">
     <span class='ocr_line' id='line_1_11' title="bbox 226 1648 1340 1731; baseline 0.003 -18"><span class='ocrx_word' id='word_1_83' title='bbox 226 1648 389 1714; x_wconf 88' lang='lat' dir='ltr'>continue</span> <span class='ocrx_word' id='word_1_84' title='bbox 412 1660 546 1715; x_wconf 90' lang='lat' dir='ltr'>tutetur</span> <span class='ocrx_word' id='word_1_85' title='bbox 568 1651 696 1726; x_wconf 88' lang='lat' dir='ltr'>caelos,</span> <span class='ocrx_word' id='word_1_86' title='bbox 719 1649 911 1714; x_wconf 88' lang='lat' dir='ltr'>detlnendo</span> <span class='ocrx_word' id='word_1_87' title='bbox 933 1649 1024 1725; x_wconf 89' lang='lat' dir='ltr'>illos,</span> <span class='ocrx_word' id='word_1_88' title='bbox 1049 1651 1104 1731; x_wconf 92' lang='lat' dir='ltr'>qui</span> <span class='ocrx_word' id='word_1_89' title='bbox 1135 1651 1180 1714; x_wconf 91' lang='lat' dir='ltr'>ibi</span> <span class='ocrx_word' id='word_1_90' title='bbox 1206 1660 1297 1726; x_wconf 90' lang='lat' dir='ltr'>sunt,</span> <span class='ocrx_word' id='word_1_91' title='bbox 1321 1671 1340 1716; x_wconf 87' lang='lat' dir='ltr'>a</span> 
     </span>
     <span class='ocr_line' id='line_1_12' title="bbox 226 1745 1339 1828; baseline 0.003 -20"><span class='ocrx_word' id='word_1_92' title='bbox 226 1745 325 1809; x_wconf 82' lang='lat' dir='ltr'>malis</span> <span class='ocrx_word' id='word_1_93' title='bbox 348 1755 534 1828; x_wconf 86' lang='lat' dir='ltr'>quaesunt</span> <span class='ocrx_word' id='word_1_94' title='bbox 558 1767 603 1810; x_wconf 88' lang='lat' dir='ltr'>ex</span> <span class='ocrx_word' id='word_1_95' title='bbox 626 1746 763 1828; x_wconf 89' lang='lat' dir='ltr'>proprio</span> <span class='ocrx_word' id='word_1_96' title='bbox 782 1745 929 1820; x_wconf 88' lang='lat' dir='ltr'>illorum,</span> <span class='ocrx_word' id='word_1_97' title='bbox 949 1765 990 1808; x_wconf 90' lang='lat' dir='ltr'>ac</span> <span class='ocrx_word' id='word_1_98' title='bbox 1014 1747 1168 1808; x_wconf 89' lang='lat' dir='ltr'>tenendo</span> <span class='ocrx_word' id='word_1_99' title='bbox 1190 1747 1225 1808; x_wconf 89' lang='lat' dir='ltr'>in</span> <span class='ocrx_word' id='word_1_100' title='bbox 1248 1747 1339 1811; x_wconf 91' lang='lat' dir='ltr'>bono</span> 
     </span>
     <span class='ocr_line' id='line_1_13' title="bbox 224 1839 1351 1923; baseline 0.002 -21"><span class='ocrx_word' id='word_1_101' title='bbox 224 1841 315 1922; x_wconf 85' lang='lat' dir='ltr'>quod</span> <span class='ocrx_word' id='word_1_102' title='bbox 345 1841 391 1903; x_wconf 88' lang='lat' dir='ltr'>ab</span> <span class='ocrx_word' id='word_1_103' title='bbox 416 1839 506 1923; x_wconf 83' lang='lat' dir='ltr'>Ipso.</span> <span class='ocrx_word' id='word_1_104' title='bbox 552 1840 681 1904; x_wconf 87' lang='lat' dir='ltr'>Datum</span> <span class='ocrx_word' id='word_1_105' title='bbox 707 1848 762 1903; x_wconf 86' lang='lat' dir='ltr'>est</span> <span class='ocrx_word' id='word_1_106' title='bbox 791 1841 927 1921; x_wconf 86' lang='lat' dir='ltr'>saepius</span> <span class='ocrx_word' id='word_1_107' title='bbox 955 1841 1130 1922; x_wconf 81' lang='lat' dir='ltr'>percipere</span> <span class='ocrx_word' id='word_1_108' title='bbox 1157 1839 1351 1922; x_wconf 85' lang='lat' dir='ltr'>sphaeram·</span> 
     </span>
     <span class='ocr_line' id='line_1_14' title="bbox 224 1933 1339 2016; baseline 0.003 -19"><span class='ocrx_word' id='word_1_109' title='bbox 224 1933 421 1998; x_wconf 85' lang='lat' dir='ltr'>effluentem</span> <span class='ocrx_word' id='word_1_110' title='bbox 444 1955 489 1998; x_wconf 89' lang='lat' dir='ltr'>ex</span> <span class='ocrx_word' id='word_1_111' title='bbox 512 1935 661 2008; x_wconf 85' lang='lat' dir='ltr'>infernis,</span> <span class='ocrx_word' id='word_1_112' title='bbox 686 1953 773 2016; x_wconf 83' lang='lat' dir='ltr'>quae</span> <span class='ocrx_word' id='word_1_113' title='bbox 795 1942 875 1998; x_wconf 90' lang='lat' dir='ltr'>tota</span> <span class='ocrx_word' id='word_1_114' title='bbox 902 1933 963 1997; x_wconf 86' lang='lat' dir='ltr'>suit</span> <span class='ocrx_word' id='word_1_115' title='bbox 986 1933 1132 2016; x_wconf 87' lang='lat' dir='ltr'>sphaera</span> <span class='ocrx_word' id='word_1_116' title='bbox 1154 1944 1339 2000; x_wconf 86' lang='lat' dir='ltr'>conatuum</span> 
     </span>
     <span class='ocr_line' id='line_1_15' title="bbox 222 2028 1339 2112; baseline 0.003 -21"><span class='ocrx_word' id='word_1_117' title='bbox 222 2029 423 2092; x_wconf 89' lang='lat' dir='ltr'>destruendi</span> <span class='ocrx_word' id='word_1_118' title='bbox 453 2029 614 2092; x_wconf 89' lang='lat' dir='ltr'>Divinum</span> <span class='ocrx_word' id='word_1_119' title='bbox 643 2028 794 2104; x_wconf 88' lang='lat' dir='ltr'>Domini,</span> <span class='ocrx_word' id='word_1_120' title='bbox 825 2037 861 2092; x_wconf 91' lang='lat' dir='ltr'>et</span> <span class='ocrx_word' id='word_1_121' title='bbox 892 2029 940 2092; x_wconf 90' lang='lat' dir='ltr'>sic</span> <span class='ocrx_word' id='word_1_122' title='bbox 970 2028 1122 2092; x_wconf 88' lang='lat' dir='ltr'>caelum:</span> <span class='ocrx_word' id='word_1_123' title='bbox 1153 2040 1339 2112; x_wconf 88' lang='lat' dir='ltr'>perceptae</span> 
     </span>
     <span class='ocr_line' id='line_1_16' title="bbox 223 2122 1337 2205; baseline 0 -18"><span class='ocrx_word' id='word_1_124' title='bbox 223 2125 329 2187; x_wconf 82' lang='lat' dir='ltr'>etiem</span> <span class='ocrx_word' id='word_1_125' title='bbox 351 2123 536 2204; x_wconf 71' lang='lat' dir='ltr'>aliquoties</span> <span class='ocrx_word' id='word_1_126' title='bbox 563 2132 645 2186; x_wconf 83' lang='lat' dir='ltr'>surrt</span> <span class='ocrx_word' id='word_1_127' title='bbox 666 2123 888 2186; x_wconf 74' lang='lat' dir='ltr'>ebullitiones</span> <span class='ocrx_word' id='word_1_128' title='bbox 907 2122 1097 2205; x_wconf 79' lang='lat' dir='ltr'>aliquorum</span> <span class='ocrx_word' id='word_1_129' title='bbox 1119 2123 1337 2200; x_wconf 80' lang='lat' dir='ltr'>infernorum,</span> 
     </span>
     <span class='ocr_line' id='line_1_17' title="bbox 222 2217 1340 2300; baseline 0.001 -18"><span class='ocrx_word' id='word_1_130' title='bbox 222 2239 311 2300; x_wconf 85' lang='lat' dir='ltr'>quae</span> <span class='ocrx_word' id='word_1_131' title='bbox 328 2219 464 2282; x_wconf 84' lang='lat' dir='ltr'>fuerunt</span> <span class='ocrx_word' id='word_1_132' title='bbox 483 2229 630 2282; x_wconf 83' lang='lat' dir='ltr'>conatus</span> <span class='ocrx_word' id='word_1_133' title='bbox 648 2219 847 2300; x_wconf 75' lang='lat' dir='ltr'>emergendi</span> <span class='ocrx_word' id='word_1_134' title='bbox 866 2227 904 2282; x_wconf 85' lang='lat' dir='ltr'>et</span> <span class='ocrx_word' id='word_1_135' title='bbox 921 2218 1134 2282; x_wconf 85' lang='lat' dir='ltr'>destruendi.</span> <span class='ocrx_word' id='word_1_136' title='bbox 1176 2217 1340 2284; x_wconf 76' lang='lat' dir='ltr'>Vicissim</span> 
     </span>
     <span class='ocr_line' id='line_1_18' title="bbox 222 2311 1340 2396; baseline 0 -20"><span class='ocrx_word' id='word_1_137' title='bbox 222 2323 338 2376; x_wconf 80' lang='lat' dir='ltr'>autern</span> <span class='ocrx_word' id='word_1_138' title='bbox 356 2313 445 2376; x_wconf 82' lang='lat' dir='ltr'>caeli</span> <span class='ocrx_word' id='word_1_139' title='bbox 462 2332 629 2396; x_wconf 79' lang='lat' dir='ltr'>nusquam</span> <span class='ocrx_word' id='word_1_140' title='bbox 646 2313 894 2394; x_wconf 80' lang='lat' dir='ltr'>aggrediuntur</span> <span class='ocrx_word' id='word_1_141' title='bbox 908 2311 1064 2390; x_wconf 84' lang='lat' dir='ltr'>inierna;</span> <span class='ocrx_word' id='word_1_142' title='bbox 1095 2331 1178 2378; x_wconf 80' lang='lat' dir='ltr'>narn</span> <span class='ocrx_word' id='word_1_143' title='bbox 1193 2313 1340 2396; x_wconf 80' lang='lat' dir='ltr'>sphaera</span> 
     </span>
     <span class='ocr_line' id='line_1_19' title="bbox 222 2407 1339 2490; baseline 0.003 -21"><span class='ocrx_word' id='word_1_144' title='bbox 222 2407 348 2471; x_wconf 69' lang='lat' dir='ltr'>Divina</span> <span class='ocrx_word' id='word_1_145' title='bbox 359 2409 550 2490; x_wconf 83' lang='lat' dir='ltr'>procedens</span> <span class='ocrx_word' id='word_1_146' title='bbox 565 2428 589 2471; x_wconf 87' lang='lat' dir='ltr'>a</span> <span class='ocrx_word' id='word_1_147' title='bbox 602 2407 764 2482; x_wconf 89' lang='lat' dir='ltr'>Domino,</span> <span class='ocrx_word' id='word_1_148' title='bbox 778 2417 832 2472; x_wconf 87' lang='lat' dir='ltr'>est</span> <span class='ocrx_word' id='word_1_149' title='bbox 849 2417 1012 2488; x_wconf 84' lang='lat' dir='ltr'>perptuus</span> <span class='ocrx_word' id='word_1_150' title='bbox 1025 2417 1171 2472; x_wconf 81' lang='lat' dir='ltr'>conatus</span> <span class='ocrx_word' id='word_1_151' title='bbox 1182 2408 1339 2474; x_wconf 87' lang='lat' dir='ltr'>salvandi</span> 
     </span>
     <span class='ocr_line' id='line_1_20' title="bbox 221 2501 1336 2585; baseline 0.003 -20"><span class='ocrx_word' id='word_1_152' title='bbox 221 2519 363 2580; x_wconf 77' lang='lat' dir='ltr'>onrnes;</span> <span class='ocrx_word' id='word_1_153' title='bbox 391 2511 428 2566; x_wconf 86' lang='lat' dir='ltr'>et</span> <span class='ocrx_word' id='word_1_154' title='bbox 450 2503 529 2584; x_wconf 87' lang='lat' dir='ltr'>quia</span> <span class='ocrx_word' id='word_1_155' title='bbox 547 2521 622 2566; x_wconf 88' lang='lat' dir='ltr'>nou.</span> <span class='ocrx_word' id='word_1_156' title='bbox 635 2501 760 2566; x_wconf 85' lang='lat' dir='ltr'>salvari</span> <span class='ocrx_word' id='word_1_157' title='bbox 778 2513 924 2584; x_wconf 87' lang='lat' dir='ltr'>possunt</span> <span class='ocrx_word' id='word_1_158' title='bbox 947 2503 1004 2584; x_wconf 90' lang='lat' dir='ltr'>qui</span> <span class='ocrx_word' id='word_1_159' title='bbox 1026 2503 1060 2566; x_wconf 93' lang='lat' dir='ltr'>in</span> <span class='ocrx_word' id='word_1_160' title='bbox 1083 2501 1233 2578; x_wconf 78' lang='lat' dir='ltr'>infernis,</span> <span class='ocrx_word' id='word_1_161' title='bbox 1252 2521 1336 2585; x_wconf 88' lang='lat' dir='ltr'>quo-</span> 
     </span>
     <span class='ocr_line' id='line_1_21' title="bbox 222 2597 1349 2680; baseline 0.003 -21"><span class='ocrx_word' id='word_1_162' title='bbox 222 2597 312 2660; x_wconf 88' lang='lat' dir='ltr'>niam</span> <span class='ocrx_word' id='word_1_163' title='bbox 336 2615 467 2672; x_wconf 88' lang='lat' dir='ltr'>omnes,</span> <span class='ocrx_word' id='word_1_164' title='bbox 491 2598 547 2680; x_wconf 89' lang='lat' dir='ltr'>qui</span> <span class='ocrx_word' id='word_1_165' title='bbox 577 2597 635 2672; x_wconf 82' lang='lat' dir='ltr'>ibi,</span> <span class='ocrx_word' id='word_1_166' title='bbox 659 2606 742 2660; x_wconf 87' lang='lat' dir='ltr'>sunt</span> <span class='ocrx_word' id='word_1_167' title='bbox 770 2598 804 2660; x_wconf 90' lang='lat' dir='ltr'>in</span> <span class='ocrx_word' id='word_1_168' title='bbox 834 2597 927 2660; x_wconf 89' lang='lat' dir='ltr'>malo</span> <span class='ocrx_word' id='word_1_169' title='bbox 956 2607 992 2660; x_wconf 89' lang='lat' dir='ltr'>et</span> <span class='ocrx_word' id='word_1_170' title='bbox 1022 2607 1145 2661; x_wconf 87' lang='lat' dir='ltr'>contra</span> <span class='ocrx_word' id='word_1_171' title='bbox 1175 2597 1349 2662; x_wconf 81' lang='lat' dir='ltr'>Divinum·</span> 
     </span>
     <span class='ocr_line' id='line_1_22' title="bbox 221 2690 1337 2775; baseline 0.002 -21"><span class='ocrx_word' id='word_1_172' title='bbox 221 2690 370 2766; x_wconf 89' lang='lat' dir='ltr'>Domini,</span> <span class='ocrx_word' id='word_1_173' title='bbox 389 2692 468 2755; x_wconf 89' lang='lat' dir='ltr'>ideo</span> <span class='ocrx_word' id='word_1_174' title='bbox 489 2701 656 2775; x_wconf 88' lang='lat' dir='ltr'>quantum</span> <span class='ocrx_word' id='word_1_175' title='bbox 673 2690 837 2774; x_wconf 84' lang='lat' dir='ltr'>possibile</span> <span class='ocrx_word' id='word_1_176' title='bbox 859 2699 922 2765; x_wconf 88' lang='lat' dir='ltr'>est,</span> <span class='ocrx_word' id='word_1_177' title='bbox 940 2692 974 2754; x_wconf 90' lang='lat' dir='ltr'>in</span> <span class='ocrx_word' id='word_1_178' title='bbox 997 2692 1135 2756; x_wconf 79' lang='lat' dir='ltr'>internis</span> <span class='ocrx_word' id='word_1_179' title='bbox 1153 2692 1337 2756; x_wconf 83' lang='lat' dir='ltr'>domantur</span> 
     </span>
     <span class='ocr_line' id='line_1_23' title="bbox 220 2786 1335 2868; baseline 0.004 -20"><span class='ocrx_word' id='word_1_180' title='bbox 220 2786 377 2862; x_wconf 84' lang='lat' dir='ltr'>insultus,</span> <span class='ocrx_word' id='word_1_181' title='bbox 394 2796 430 2851; x_wconf 89' lang='lat' dir='ltr'>et</span> <span class='ocrx_word' id='word_1_182' title='bbox 446 2796 607 2850; x_wconf 82' lang='lat' dir='ltr'>arcentur</span> <span class='ocrx_word' id='word_1_183' title='bbox 622 2787 787 2852; x_wconf 88' lang='lat' dir='ltr'>saevitiae</span> <span class='ocrx_word' id='word_1_184' title='bbox 806 2806 850 2850; x_wconf 89' lang='lat' dir='ltr'>ne</span> <span class='ocrx_word' id='word_1_185' title='bbox 866 2795 1047 2868; x_wconf 87' lang='lat' dir='ltr'>erumpant</span> <span class='ocrx_word' id='word_1_186' title='bbox 1059 2797 1182 2850; x_wconf 83' lang='lat' dir='ltr'>contra</span> <span class='ocrx_word' id='word_1_187' title='bbox 1196 2806 1234 2850; x_wconf 84' lang='lat' dir='ltr'>se</span> <span class='ocrx_word' id='word_1_188' title='bbox 1248 2787 1335 2852; x_wconf 78' lang='lat' dir='ltr'>invi·</span> 
     </span>
     <span class='ocr_line' id='line_1_24' title="bbox 221 2879 1335 2966; baseline 0.004 -24"><span class='ocrx_word' id='word_1_189' title='bbox 221 2899 295 2944; x_wconf 84' lang='lat' dir='ltr'>cern</span> <span class='ocrx_word' id='word_1_190' title='bbox 311 2882 359 2946; x_wconf 87' lang='lat' dir='ltr'>ibi</span> <span class='ocrx_word' id='word_1_191' title='bbox 373 2881 464 2944; x_wconf 87' lang='lat' dir='ltr'>ultra</span> <span class='ocrx_word' id='word_1_192' title='bbox 478 2882 639 2960; x_wconf 75' lang='lat' dir='ltr'>modum3</span> <span class='ocrx_word' id='word_1_193' title='bbox 662 2881 874 2966; x_wconf 86' lang='lat' dir='ltr'>quodetiam</span> <span class='ocrx_word' id='word_1_194' title='bbox 890 2879 928 2944; x_wconf 83' lang='lat' dir='ltr'>fit</span> <span class='ocrx_word' id='word_1_195' title='bbox 945 2899 1006 2962; x_wconf 84' lang='lat' dir='ltr'>per</span> <span class='ocrx_word' id='word_1_196' title='bbox 1021 2881 1198 2946; x_wconf 82' lang='lat' dir='ltr'>innumera</span> <span class='ocrx_word' id='word_1_197' title='bbox 1210 2891 1335 2964; x_wconf 84' lang='lat' dir='ltr'>poten·</span> 
     </span>
     <span class='ocr_line' id='line_1_25' title="bbox 219 2977 595 3041; baseline 0.011 -4"><span class='ocrx_word' id='word_1_198' title='bbox 219 2977 289 3039; x_wconf 86' lang='lat' dir='ltr'>tiae</span> <span class='ocrx_word' id='word_1_199' title='bbox 308 2977 452 3040; x_wconf 86' lang='lat' dir='ltr'>Divinae</span> <span class='ocrx_word' id='word_1_200' title='bbox 472 2977 595 3041; x_wconf 86' lang='lat' dir='ltr'>media.</span> 
     </span>
    </p>

    <p class='ocr_par' dir='ltr' id='par_1_6' title="bbox 213 3069 1389 4671">
     <span class='ocr_line' id='line_1_26' title="bbox 279 3069 1389 3154; baseline 0.002 -20"><span class='ocrx_word' id='word_1_201' title='bbox 279 3071 387 3154; x_wconf 67' lang='lat'><strong><em>¹596.</em></strong></span> <span class='ocrx_word' id='word_1_202' title='bbox 416 3069 507 3135; x_wconf 85' lang='lat' dir='ltr'>Sunt</span> <span class='ocrx_word' id='word_1_203' title='bbox 533 3073 603 3135; x_wconf 86' lang='lat' dir='ltr'>duo</span> <span class='ocrx_word' id='word_1_204' title='bbox 631 3091 749 3154; x_wconf 83' lang='lat' dir='ltr'>regna,</span> <span class='ocrx_word' id='word_1_205' title='bbox 768 3071 804 3134; x_wconf 86' lang='lat' dir='ltr'>ia</span> <span class='ocrx_word' id='word_1_206' title='bbox 832 3091 920 3154; x_wconf 88' lang='lat' dir='ltr'>quae</span> <span class='ocrx_word' id='word_1_207' title='bbox 947 3069 1035 3134; x_wconf 84' lang='lat' dir='ltr'>caeli</span> <span class='ocrx_word' id='word_1_208' title='bbox 1058 3069 1212 3134; x_wconf 66' lang='lat' dir='ltr'>distincti</span> <span class='ocrx_word' id='word_1_209' title='bbox 1240 3083 1343 3146; x_wconf 64' lang='lat' dir='ltr'>sunu</span> <span class='ocrx_word' id='word_1_210' title='bbox 1386 3143 1389 3150; x_wconf 53' lang='grc'>,</span> 
     </span>
     <span class='ocr_line' id='line_1_27' title="bbox 219 3165 1333 3247; baseline 0.002 -21"><span class='ocrx_word' id='word_1_211' title='bbox 219 3183 343 3246; x_wconf 84' lang='lat' dir='ltr'>nempe</span> <span class='ocrx_word' id='word_1_212' title='bbox 360 3185 503 3246; x_wconf 80' lang='lat' dir='ltr'>regnum</span> <span class='ocrx_word' id='word_1_213' title='bbox 522 3165 675 3230; x_wconf 86' lang='lat' dir='ltr'>caeleste</span> <span class='ocrx_word' id='word_1_214' title='bbox 703 3176 741 3230; x_wconf 88' lang='lat' dir='ltr'>et</span> <span class='ocrx_word' id='word_1_215' title='bbox 768 3184 913 3247; x_wconf 84' lang='lat' dir='ltr'>regnum</span> <span class='ocrx_word' id='word_1_216' title='bbox 931 3165 1108 3247; x_wconf 86' lang='lat' dir='ltr'>spirituale</span> <span class='ocrx_word' id='word_1_217' title='bbox 1132 3165 1191 3247; x_wconf 90' lang='lat' dir='ltr'>(de</span> <span class='ocrx_word' id='word_1_218' title='bbox 1213 3167 1333 3247; x_wconf 88' lang='lat' dir='ltr'>quibus</span> 
     </span>
     <span class='ocr_line' id='line_1_28' title="bbox 218 3259 1332 3344; baseline 0.003 -23"><span class='ocrx_word' id='word_1_219' title='bbox 218 3259 376 3324; x_wconf 79' lang='lat' dir='ltr'>videatur</span> <span class='ocrx_word' id='word_1_220' title='bbox 397 3281 510 3342; x_wconf 85' lang='lat' dir='ltr'>supra,</span> <span class='ocrx_word' id='word_1_221' title='bbox 533 3282 566 3324; x_wconf 92' lang='lat' dir='ltr'>n.</span> <span class='ocrx_word' id='word_1_222' title='bbox 589 3260 721 3344; x_wconf 81' lang='lat'><strong>20-28).</strong></span> <span class='ocrx_word' id='word_1_223' title='bbox 765 3259 928 3324; x_wconf 80' lang='lat' dir='ltr'>Similiter</span> <span class='ocrx_word' id='word_1_224' title='bbox 956 3269 1036 3324; x_wconf 83' lang='lat' dir='ltr'>sunt</span> <span class='ocrx_word' id='word_1_225' title='bbox 1065 3261 1135 3324; x_wconf 92' lang='lat' dir='ltr'>duo</span> <span class='ocrx_word' id='word_1_226' title='bbox 1162 3279 1270 3342; x_wconf 71' lang='lat' dir='ltr'>regno</span> <span class='ocrx_word' id='word_1_227' title='bbox 1299 3261 1332 3324; x_wconf 92' lang='lat' dir='ltr'>in</span> 
     </span>
     <span class='ocr_line' id='line_1_29' title="bbox 218 3353 1333 3435; baseline 0.001 -17"><span class='ocrx_word' id='word_1_228' title='bbox 218 3373 304 3435; x_wconf 83' lang='lat' dir='ltr'>quae</span> <span class='ocrx_word' id='word_1_229' title='bbox 326 3355 461 3420; x_wconf 79' lang='lat' dir='ltr'>interna.</span> <span class='ocrx_word' id='word_1_230' title='bbox 478 3353 643 3420; x_wconf 67' lang='lat' dir='ltr'>distintis</span> <span class='ocrx_word' id='word_1_231' title='bbox 665 3365 766 3432; x_wconf 79' lang='lat' dir='ltr'>sunt3</span> <span class='ocrx_word' id='word_1_232' title='bbox 796 3373 899 3420; x_wconf 85' lang='lat' dir='ltr'>unum</span> <span class='ocrx_word' id='word_1_233' title='bbox 921 3354 1041 3420; x_wconf 80' lang='lat' dir='ltr'>hornen</span> <span class='ocrx_word' id='word_1_234' title='bbox 1065 3374 1249 3435; x_wconf 73' lang='lat' dir='ltr'>regnorum</span> <span class='ocrx_word' id='word_1_235' title='bbox 1279 3366 1333 3420; x_wconf 89' lang='lat' dir='ltr'>est</span> 
     </span>
     <span class='ocr_line' id='line_1_30' title="bbox 217 3449 1333 3532; baseline 0.003 -20"><span class='ocrx_word' id='word_1_236' title='bbox 217 3451 415 3531; x_wconf 82' lang='lat' dir='ltr'>oppositum</span> <span class='ocrx_word' id='word_1_237' title='bbox 427 3469 536 3531; x_wconf 83' lang='lat' dir='ltr'>regno</span> <span class='ocrx_word' id='word_1_238' title='bbox 551 3449 705 3524; x_wconf 86' lang='lat' dir='ltr'>caelesti,</span> <span class='ocrx_word' id='word_1_239' title='bbox 722 3459 758 3513; x_wconf 86' lang='lat' dir='ltr'>et</span> <span class='ocrx_word' id='word_1_240' title='bbox 776 3449 920 3514; x_wconf 86' lang='lat' dir='ltr'>alterurn</span> <span class='ocrx_word' id='word_1_241' title='bbox 936 3459 992 3513; x_wconf 90' lang='lat' dir='ltr'>est</span> <span class='ocrx_word' id='word_1_242' title='bbox 1009 3451 1207 3532; x_wconf 83' lang='lat' dir='ltr'>oppositum</span> <span class='ocrx_word' id='word_1_243' title='bbox 1223 3469 1333 3531; x_wconf 72' lang='lat' dir='ltr'>regno</span> 
     </span>
     <span class='ocr_line' id='line_1_31' title="bbox 216 3543 1332 3627; baseline 0.002 -21"><span class='ocrx_word' id='word_1_244' title='bbox 216 3544 393 3625; x_wconf 88' lang='lat' dir='ltr'>spirituali.</span> <span class='ocrx_word' id='word_1_245' title='bbox 434 3543 524 3606; x_wconf 81' lang='lat' dir='ltr'>illud</span> <span class='ocrx_word' id='word_1_246' title='bbox 543 3545 635 3626; x_wconf 84' lang='lat' dir='ltr'>quod</span> <span class='ocrx_word' id='word_1_247' title='bbox 650 3545 848 3627; x_wconf 86' lang='lat' dir='ltr'>oppositum</span> <span class='ocrx_word' id='word_1_248' title='bbox 867 3552 922 3608; x_wconf 85' lang='lat' dir='ltr'>est</span> <span class='ocrx_word' id='word_1_249' title='bbox 940 3563 1051 3625; x_wconf 83' lang='lat' dir='ltr'>regno</span> <span class='ocrx_word' id='word_1_250' title='bbox 1061 3544 1204 3608; x_wconf 80' lang='lat' dir='ltr'>caelesti</span> <span class='ocrx_word' id='word_1_251' title='bbox 1223 3555 1278 3608; x_wconf 87' lang='lat' dir='ltr'>est</span> <span class='ocrx_word' id='word_1_252' title='bbox 1297 3545 1332 3608; x_wconf 91' lang='lat' dir='ltr'>in</span> 
     </span>
     <span class='ocr_line' id='line_1_32' title="bbox 216 3639 1333 3722; baseline 0.002 -20"><span class='ocrx_word' id='word_1_253' title='bbox 216 3639 323 3721; x_wconf 83' lang='lat' dir='ltr'>plaga</span> <span class='ocrx_word' id='word_1_254' title='bbox 339 3639 558 3712; x_wconf 84' lang='lat' dir='ltr'>occidentali,</span> <span class='ocrx_word' id='word_1_255' title='bbox 578 3648 614 3702; x_wconf 90' lang='lat' dir='ltr'>et</span> <span class='ocrx_word' id='word_1_256' title='bbox 635 3639 695 3714; x_wconf 92' lang='lat' dir='ltr'>illi,</span> <span class='ocrx_word' id='word_1_257' title='bbox 715 3641 772 3722; x_wconf 90' lang='lat' dir='ltr'>qui</span> <span class='ocrx_word' id='word_1_258' title='bbox 794 3639 840 3704; x_wconf 91' lang='lat' dir='ltr'>ibi</span> <span class='ocrx_word' id='word_1_259' title='bbox 862 3649 953 3714; x_wconf 80' lang='lat' dir='ltr'>sunt,</span> <span class='ocrx_word' id='word_1_260' title='bbox 973 3649 1141 3704; x_wconf 87' lang='lat' dir='ltr'>vocantur</span> <span class='ocrx_word' id='word_1_261' title='bbox 1159 3641 1271 3722; x_wconf 83' lang='lat' dir='ltr'>genii;</span> <span class='ocrx_word' id='word_1_262' title='bbox 1297 3641 1333 3704; x_wconf 91' lang='lat' dir='ltr'>id</span> 
     </span>
     <span class='ocr_line' id='line_1_33' title="bbox 216 3734 1334 3818; baseline 0.004 -22"><span class='ocrx_word' id='word_1_263' title='bbox 216 3744 332 3798; x_wconf 83' lang='lat' dir='ltr'>autem</span> <span class='ocrx_word' id='word_1_264' title='bbox 355 3734 448 3816; x_wconf 86' lang='lat' dir='ltr'>quod</span> <span class='ocrx_word' id='word_1_265' title='bbox 471 3735 668 3816; x_wconf 87' lang='lat' dir='ltr'>oppositum</span> <span class='ocrx_word' id='word_1_266' title='bbox 691 3745 746 3798; x_wconf 84' lang='lat' dir='ltr'>est</span> <span class='ocrx_word' id='word_1_267' title='bbox 769 3753 877 3816; x_wconf 81' lang='lat' dir='ltr'>regno</span> <span class='ocrx_word' id='word_1_268' title='bbox 899 3735 1069 3817; x_wconf 85' lang='lat' dir='ltr'>spirituali</span> <span class='ocrx_word' id='word_1_269' title='bbox 1090 3745 1144 3798; x_wconf 87' lang='lat' dir='ltr'>est</span> <span class='ocrx_word' id='word_1_270' title='bbox 1170 3735 1202 3798; x_wconf 91' lang='lat' dir='ltr'>in</span> <span class='ocrx_word' id='word_1_271' title='bbox 1227 3734 1334 3818; x_wconf 80' lang='lat' dir='ltr'>plaga</span> 
     </span>
     <span class='ocr_line' id='line_1_34' title="bbox 216 3828 1332 3911; baseline 0.005 -22"><span class='ocrx_word' id='word_1_272' title='bbox 216 3828 476 3908; x_wconf 80' lang='lat' dir='ltr'>septentrionali</span> <span class='ocrx_word' id='word_1_273' title='bbox 492 3839 528 3892; x_wconf 90' lang='lat' dir='ltr'>et</span> <span class='ocrx_word' id='word_1_274' title='bbox 545 3828 768 3903; x_wconf 81' lang='lat' dir='ltr'>meridionali.</span> <span class='ocrx_word' id='word_1_275' title='bbox 786 3839 822 3892; x_wconf 88' lang='lat' dir='ltr'>et</span> <span class='ocrx_word' id='word_1_276' title='bbox 840 3828 900 3902; x_wconf 81' lang='lat' dir='ltr'>illi,</span> <span class='ocrx_word' id='word_1_277' title='bbox 917 3829 974 3911; x_wconf 93' lang='lat' dir='ltr'>qui</span> <span class='ocrx_word' id='word_1_278' title='bbox 992 3829 1038 3896; x_wconf 87' lang='lat' dir='ltr'>ibi</span> <span class='ocrx_word' id='word_1_279' title='bbox 1056 3837 1150 3904; x_wconf 82' lang='lat' dir='ltr'>sunt,</span> <span class='ocrx_word' id='word_1_280' title='bbox 1164 3839 1332 3895; x_wconf 85' lang='lat' dir='ltr'>vocantur</span> 
     </span>
     <span class='ocr_line' id='line_1_35' title="bbox 216 3921 1342 4006; baseline 0.007 -23"><span class='ocrx_word' id='word_1_281' title='bbox 216 3923 365 4002; x_wconf 79' lang='lat' dir='ltr'>spiritus.</span> <span class='ocrx_word' id='word_1_282' title='bbox 410 3921 542 3986; x_wconf 84' lang='lat' dir='ltr'>Omnes</span> <span class='ocrx_word' id='word_1_283' title='bbox 563 3925 620 4006; x_wconf 82' lang='lat' dir='ltr'>qui</span> <span class='ocrx_word' id='word_1_284' title='bbox 643 3924 677 3988; x_wconf 92' lang='lat' dir='ltr'>in</span> <span class='ocrx_word' id='word_1_285' title='bbox 700 3943 809 4006; x_wconf 77' lang='lat' dir='ltr'>regno</span> <span class='ocrx_word' id='word_1_286' title='bbox 827 3923 975 3992; x_wconf 82' lang='lat' dir='ltr'>caelesti</span> <span class='ocrx_word' id='word_1_287' title='bbox 991 3932 1080 3998; x_wconf 87' lang='lat' dir='ltr'>sunt,</span> <span class='ocrx_word' id='word_1_288' title='bbox 1100 3925 1134 3988; x_wconf 88' lang='lat' dir='ltr'>in</span> <span class='ocrx_word' id='word_1_289' title='bbox 1157 3943 1274 3990; x_wconf 81' lang='lat' dir='ltr'>amore</span> <span class='ocrx_word' id='word_1_290' title='bbox 1296 3925 1342 3992; x_wconf 85' lang='lat' dir='ltr'>in·</span> 
     </span>
     <span class='ocr_line' id='line_1_36' title="bbox 215 4015 1332 4102; baseline 0.005 -24"><span class='ocrx_word' id='word_1_291' title='bbox 215 4015 402 4081; x_wconf 83' lang='lat' dir='ltr'>Dominum</span> <span class='ocrx_word' id='word_1_292' title='bbox 420 4028 522 4098; x_wconf 87' lang='lat' dir='ltr'>sunt;</span> <span class='ocrx_word' id='word_1_293' title='bbox 545 4029 582 4084; x_wconf 81' lang='lat' dir='ltr'>et</span> <span class='ocrx_word' id='word_1_294' title='bbox 600 4039 720 4084; x_wconf 83' lang='lat' dir='ltr'>ornnes</span> <span class='ocrx_word' id='word_1_295' title='bbox 739 4020 795 4102; x_wconf 90' lang='lat' dir='ltr'>qui</span> <span class='ocrx_word' id='word_1_296' title='bbox 817 4019 852 4084; x_wconf 87' lang='lat' dir='ltr'>in</span> <span class='ocrx_word' id='word_1_297' title='bbox 874 4019 1013 4084; x_wconf 85' lang='lat' dir='ltr'>infernis</span> <span class='ocrx_word' id='word_1_298' title='bbox 1030 4018 1080 4082; x_wconf 91' lang='lat' dir='ltr'>illi</span> <span class='ocrx_word' id='word_1_299' title='bbox 1098 4039 1207 4102; x_wconf 82' lang='lat' dir='ltr'>regno</span> <span class='ocrx_word' id='word_1_300' title='bbox 1222 4039 1332 4102; x_wconf 89' lang='lat' dir='ltr'>oppo-</span> 
     </span>
     <span class='ocr_line' id='line_1_37' title="bbox 215 4113 1331 4198; baseline 0.005 -26"><span class='ocrx_word' id='word_1_301' title='bbox 215 4113 291 4176; x_wconf 83' lang='lat' dir='ltr'>sitis</span> <span class='ocrx_word' id='word_1_302' title='bbox 308 4121 400 4189; x_wconf 71' lang='lat' dir='ltr'>nunt,</span> <span class='ocrx_word' id='word_1_303' title='bbox 419 4115 454 4177; x_wconf 89' lang='lat' dir='ltr'>in</span> <span class='ocrx_word' id='word_1_304' title='bbox 472 4133 590 4180; x_wconf 84' lang='lat' dir='ltr'>amore</span> <span class='ocrx_word' id='word_1_305' title='bbox 608 4116 659 4178; x_wconf 85' lang='lat' dir='ltr'>sui</span> <span class='ocrx_word' id='word_1_306' title='bbox 677 4124 778 4180; x_wconf 83' lang='lat' dir='ltr'>eunt:</span> <span class='ocrx_word' id='word_1_307' title='bbox 802 4125 841 4180; x_wconf 78' lang='lat' dir='ltr'>et</span> <span class='ocrx_word' id='word_1_308' title='bbox 858 4133 978 4181; x_wconf 85' lang='lat' dir='ltr'>ornnes</span> <span class='ocrx_word' id='word_1_309' title='bbox 996 4115 1052 4197; x_wconf 86' lang='lat' dir='ltr'>qui</span> <span class='ocrx_word' id='word_1_310' title='bbox 1075 4116 1109 4178; x_wconf 91' lang='lat' dir='ltr'>in</span> <span class='ocrx_word' id='word_1_311' title='bbox 1131 4134 1241 4196; x_wconf 79' lang='lat' dir='ltr'>regno</span> <span class='ocrx_word' id='word_1_312' title='bbox 1262 4116 1331 4198; x_wconf 85' lang='lat' dir='ltr'>spi·</span> 
     </span>
     <span class='ocr_line' id='line_1_38' title="bbox 214 4207 1344 4297; baseline 0.005 -28"><span class='ocrx_word' id='word_1_313' title='bbox 214 4207 329 4270; x_wconf 85' lang='lat' dir='ltr'>rituali</span> <span class='ocrx_word' id='word_1_314' title='bbox 345 4218 440 4284; x_wconf 78' lang='lat' dir='ltr'>sunt,</span> <span class='ocrx_word' id='word_1_315' title='bbox 456 4211 492 4272; x_wconf 86' lang='lat' dir='ltr'>ia</span> <span class='ocrx_word' id='word_1_316' title='bbox 509 4227 628 4274; x_wconf 76' lang='lat' dir='ltr'>amore</span> <span class='ocrx_word' id='word_1_317' title='bbox 644 4229 728 4292; x_wconf 78' lang='lat' dir='ltr'>erga</span> <span class='ocrx_word' id='word_1_318' title='bbox 743 4209 940 4292; x_wconf 75' lang='lat' dir='ltr'>proximem</span> <span class='ocrx_word' id='word_1_319' title='bbox 954 4219 1057 4297; x_wconf 72' lang='lat' dir='ltr'>sunt3</span> <span class='ocrx_word' id='word_1_320' title='bbox 1079 4219 1118 4274; x_wconf 87' lang='lat' dir='ltr'>at</span> <span class='ocrx_word' id='word_1_321' title='bbox 1135 4225 1255 4274; x_wconf 83' lang='lat' dir='ltr'>ornnes</span> <span class='ocrx_word' id='word_1_322' title='bbox 1274 4211 1344 4292; x_wconf 80' lang='lat' dir='ltr'>qul-</span> 
     </span>
     <span class='ocr_line' id='line_1_39' title="bbox 213 4301 1333 4387; baseline 0.005 -25"><span class='ocrx_word' id='word_1_323' title='bbox 213 4301 247 4363; x_wconf 93' lang='lat' dir='ltr'>in</span> <span class='ocrx_word' id='word_1_324' title='bbox 266 4302 404 4368; x_wconf 88' lang='lat' dir='ltr'>infernis</span> <span class='ocrx_word' id='word_1_325' title='bbox 422 4304 471 4368; x_wconf 92' lang='lat' dir='ltr'>illi</span> <span class='ocrx_word' id='word_1_326' title='bbox 489 4324 598 4386; x_wconf 85' lang='lat' dir='ltr'>regno</span> <span class='ocrx_word' id='word_1_327' title='bbox 616 4305 784 4387; x_wconf 89' lang='lat' dir='ltr'>oppositis</span> <span class='ocrx_word' id='word_1_328' title='bbox 803 4314 894 4378; x_wconf 87' lang='lat' dir='ltr'>sunt,</span> <span class='ocrx_word' id='word_1_329' title='bbox 918 4306 952 4368; x_wconf 90' lang='lat' dir='ltr'>in</span> <span class='ocrx_word' id='word_1_330' title='bbox 971 4322 1087 4367; x_wconf 87' lang='lat' dir='ltr'>amore</span> <span class='ocrx_word' id='word_1_331' title='bbox 1103 4304 1221 4366; x_wconf 90' lang='lat' dir='ltr'>mundi</span> <span class='ocrx_word' id='word_1_332' title='bbox 1239 4313 1333 4368; x_wconf 86' lang='lat' dir='ltr'>sunt.</span> 
     </span>
     <span class='ocr_line' id='line_1_40' title="bbox 215 4396 1330 4482; baseline 0.003 -23"><span class='ocrx_word' id='word_1_333' title='bbox 215 4396 300 4461; x_wconf 87' lang='lat' dir='ltr'>Inde</span> <span class='ocrx_word' id='word_1_334' title='bbox 322 4400 451 4479; x_wconf 72' lang='lat' dir='ltr'>patuit,</span> <span class='ocrx_word' id='word_1_335' title='bbox 471 4401 565 4482; x_wconf 82' lang='lat' dir='ltr'>qnod</span> <span class='ocrx_word' id='word_1_336' title='bbox 585 4405 682 4464; x_wconf 77' lang='lat' dir='ltr'>enos</span> <span class='ocrx_word' id='word_1_337' title='bbox 710 4399 748 4464; x_wconf 83' lang='lat' dir='ltr'>in</span> <span class='ocrx_word' id='word_1_338' title='bbox 776 4397 962 4465; x_wconf 69' lang='lat' dir='ltr'>Domimn</span> <span class='ocrx_word' id='word_1_339' title='bbox 991 4407 1028 4464; x_wconf 88' lang='lat' dir='ltr'>et</span> <span class='ocrx_word' id='word_1_340' title='bbox 1053 4413 1154 4463; x_wconf 79' lang='lat' dir='ltr'>&#39;amor</span> <span class='ocrx_word' id='word_1_341' title='bbox 1181 4399 1236 4464; x_wconf 83' lang='lat' dir='ltr'>sui</span> <span class='ocrx_word' id='word_1_342' title='bbox 1260 4399 1330 4465; x_wconf 83' lang='lat' dir='ltr'>sint</span> 
     </span>
     <span class='ocr_line' id='line_1_41' title="bbox 214 4492 1344 4576; baseline 0.002 -20"><span class='ocrx_word' id='word_1_343' title='bbox 214 4493 388 4574; x_wconf 80' lang='lat' dir='ltr'>oppositi3</span> <span class='ocrx_word' id='word_1_344' title='bbox 410 4493 571 4560; x_wconf 82' lang='lat' dir='ltr'>sirniiiter</span> <span class='ocrx_word' id='word_1_345' title='bbox 590 4513 686 4558; x_wconf 75' lang='lat' dir='ltr'>antor</span> <span class='ocrx_word' id='word_1_346' title='bbox 707 4511 793 4576; x_wconf 72' lang='lat' dir='ltr'>erga</span> <span class='ocrx_word' id='word_1_347' title='bbox 809 4494 1005 4576; x_wconf 80' lang='lat' dir='ltr'>proniruum</span> <span class='ocrx_word' id='word_1_348' title='bbox 1028 4501 1065 4558; x_wconf 84' lang='lat' dir='ltr'>et</span> <span class='ocrx_word' id='word_1_349' title='bbox 1087 4509 1183 4558; x_wconf 87' lang='lat' dir='ltr'>arnor</span> <span class='ocrx_word' id='word_1_350' title='bbox 1200 4492 1344 4566; x_wconf 81' lang='lat' dir='ltr'>mundi.-</span> 
     </span>
     <span class='ocr_line' id='line_1_42' title="bbox 214 4585 1329 4671; baseline 0.004 -21"><span class='ocrx_word' id='word_1_351' title='bbox 214 4585 415 4654; x_wconf 74' lang='lat' dir='ltr'>Prouidetur</span> <span class='ocrx_word' id='word_1_352' title='bbox 426 4585 554 4670; x_wconf 67' lang='lat' dir='ltr'>jurgitet</span> <span class='ocrx_word' id='word_1_353' title='bbox 572 4607 593 4654; x_wconf 86' lang='lat' dir='ltr'>a</span> <span class='ocrx_word' id='word_1_354' title='bbox 611 4588 777 4663; x_wconf 58' lang='lat' dir='ltr'>Dorium</span> <span class='ocrx_word' id='word_1_355' title='bbox 791 4596 831 4655; x_wconf 87' lang='lat' dir='ltr'>ut</span> <span class='ocrx_word' id='word_1_356' title='bbox 848 4604 920 4654; x_wconf 83' lang='lat' dir='ltr'>aon</span> <span class='ocrx_word' id='word_1_357' title='bbox 937 4587 1065 4671; x_wconf 86' lang='lat' dir='ltr'>aliquid</span> <span class='ocrx_word' id='word_1_358' title='bbox 1081 4585 1260 4654; x_wconf 71' lang='lat' dir='ltr'>effluerex</span> <span class='ocrx_word' id='word_1_359' title='bbox 1278 4589 1329 4654; x_wconf 84' lang='lat' dir='ltr'>in·</span> 
     </span>
    </p>
   </div>
   <div class='ocr_carea' id='block_1_6' title="bbox 0 0 1680 5366">
    <p class='ocr_par' dir='ltr' id='par_1_7' title="bbox 0 0 1680 5366">
     <span class='ocr_line' id='line_1_43' title="bbox 0 0 1680 5366; baseline 0 5"><span class='ocrx_word' id='word_1_360' title='bbox 0 0 1680 5366; x_wconf 95' lang='lat' dir='ltr'> </span> 
     </span>
    </p>
   </div>
  </div>
 </body>
</html>
