3382 5358
589 573 642 630 DE
664 573 846 631 TEMPORE
869 573 911 628 IN
933 570 1070 626 CAELO.
1349 569 1392 638 97

270 749 361 816 ultra
377 748 517 816 modum
530 747 773 832 exsplenduit:
797 745 977 812 dicebatur
987 743 1080 829 quod
1096 743 1130 810 id
1147 753 1240 810 esset
1252 751 1392 828 quartus

267 857 382 910 status
405 843 548 927 illisqui
578 845 612 908 in
642 863 752 926 regno
782 841 936 914 caelesti,
957 851 993 906 et
1024 841 1152 924 primus
1174 839 1242 904 illis
1271 840 1327 922 qui
1357 840 1391 904 in

269 961 379 1025 regno
403 939 591 1023 spirituali3
621 949 657 1004 et
688 939 780 1021 quod
806 937 1019 1002 mutationes
1044 945 1158 1002 status
1184 936 1219 999 in
1246 945 1392 1018 unoque

268 1057 377 1121 regno
394 1039 444 1106 ita
462 1038 555 1100 vices
574 1035 771 1115 alternent3
799 1045 836 1100 at
857 1053 926 1099 non
949 1035 983 1098 in
1002 1042 1092 1108 toto,
1111 1031 1173 1098 sed
1196 1033 1230 1096 in
1249 1051 1318 1096 una
1336 1051 1392 1096 so·
1488 1097 1492 1102 ,

268 1135 398 1198 cietate
414 1141 493 1215 post
506 1131 673 1208 alteram
697 1141 771 1196 tum
784 1130 876 1214 quod
892 1129 985 1194 vices
1001 1128 1080 1194 illae
1096 1147 1165 1192 non
1178 1136 1294 1192 statae
1310 1127 1392 1200 sint,

269 1229 330 1293 sed
347 1228 591 1310 superveniant
606 1227 713 1292 serius
729 1236 789 1290 aut
805 1227 906 1290 citius
921 1225 989 1288 illis
1001 1221 1243 1288 nescientibus.
1289 1221 1393 1288 Porro

268 1323 431 1388 dicebant
449 1323 543 1406 quod
562 1320 622 1386 Sol
641 1322 674 1386 in
698 1342 736 1386 se
755 1340 823 1386 non
844 1321 894 1385 ita
913 1329 1077 1394 mutetur,
1098 1337 1161 1383 nec
1181 1319 1230 1382 ita
1249 1337 1391 1401 progre-

269 1419 394 1492 diatur,
414 1418 475 1481 sed
503 1417 595 1499 quod
623 1438 729 1500 usque
759 1417 809 1480 ita
837 1423 1004 1499 appareat
1027 1413 1214 1480 secundum
1237 1423 1392 1478 statuum

269 1512 481 1576 successivas
510 1513 770 1596 progressiones
800 1512 889 1594 apud
917 1509 1007 1586 illos,
1031 1509 1193 1592 quoniam
1224 1508 1393 1572 Dominus

270 1607 436 1672 unicuivis
458 1607 647 1672 secundum
670 1605 771 1689 quale
794 1605 866 1688 ejus
888 1614 1001 1670 status
1024 1614 1179 1688 apparet,
1199 1605 1248 1670 ita
1269 1603 1393 1669 rutilus

267 1701 335 1766 illis
353 1721 431 1766 cum
450 1703 485 1766 in
504 1703 643 1768 intenso
659 1721 776 1766 amore
792 1711 871 1768 sunt
882 1723 890 1780 ;
914 1701 1025 1766 minus
1043 1699 1175 1774 rutilus,
1193 1711 1230 1764 et
1249 1700 1393 1766 tandem

268 1797 445 1872 candidus,
465 1817 543 1862 cum
562 1817 660 1862 amor
678 1797 838 1862 decedit:
863 1807 898 1862 et
918 1797 1009 1880 quod
1026 1796 1127 1880 quale
1143 1815 1260 1860 eorum
1280 1803 1393 1860 status

267 1902 565 1977 repraesentatum
584 1893 629 1956 sit
649 1913 709 1975 per
724 1892 899 1974 cingulum
918 1893 1111 1964 obscurum,
1129 1891 1220 1973 quod
1240 1889 1312 1956 Soll
1330 1911 1392 1974 ap·

268 1999 432 2070 parentes
449 1987 527 2054 illas
545 1989 755 2054 variationes
773 1989 887 2071 quoad
906 1987 1079 2052 flammam
1102 1997 1138 2050 et
1162 1986 1274 2052 lucem
1293 1987 1392 2052 indu-

269 2083 381 2148 cebat.

331 2177 433 2242 16ο.
463 2177 612 2262 Quando
642 2177 757 2260 angeli
790 2178 824 2242 in
854 2187 949 2244 statu
978 2179 1101 2242 ultimo
1131 2187 1222 2252 sunt,
1251 2179 1308 2262 qui
1337 2189 1392 2244 est

269 2276 408 2356 quando
436 2275 471 2338 in
505 2295 568 2339 suo
593 2276 741 2357 proprio,
766 2275 932 2357 incipiunt
959 2275 1082 2340 maesti
1109 2273 1191 2338 fieri.
1237 2273 1392 2339 Locutus

268 2387 343 2433 sum
359 2387 437 2434 cum
456 2368 523 2434 illis
553 2369 693 2453 quando
725 2371 758 2434 in
785 2369 847 2434 illo
866 2379 961 2434 statu
980 2379 1091 2446 erant,
1112 2379 1149 2434 et
1179 2370 1392 2435 maestitiam

269 2465 363 2542 vidi;
395 2465 457 2528 sed
480 2465 655 2540 dicebant,
675 2467 767 2547 quod
790 2467 824 2529 in
847 2485 909 2548 spe
932 2465 1000 2530 sint
1020 2465 1111 2548 quod
1135 2465 1229 2529 brevi
1251 2466 1393 2530 redituri

269 2560 302 2624 in
326 2559 506 2646 pristinum
525 2569 669 2636 statum,
690 2569 726 2626 et
749 2561 797 2624 sic
821 2560 919 2644 quasi
940 2561 1065 2626 iterum
1087 2561 1123 2624 in
1145 2560 1292 2636 caelum,
1313 2579 1392 2624 uam

270 2655 404 2720 caelum
422 2654 491 2718 illis
509 2665 563 2720 est
580 2655 727 2720 detineri
745 2675 767 2720 a
785 2657 932 2739 proprio.

333 2749 427 2814 161.
457 2747 545 2816 Sunt
561 2751 667 2814 etiam
683 2750 718 2814 in
734 2751 875 2816 infernis
887 2759 1001 2816 status
1017 2753 1250 2827 mutationes:
1270 2749 1332 2816 sed
1348 2749 1393 2816 de

270 2842 337 2910 illis
355 2843 453 2921 inira,
473 2845 530 2910 ubi
546 2845 591 2912 de
609 2845 753 2924 inferno,
774 2847 918 2912 dicetur.

642 3159 1020 3178 *Ἦ

745 3400 913 3486 [xvl11.]

584 3585 642 3650 Da
664 3585 852 3658 Taurona
875 3600 917 3652 ur
939 3585 1081 3654 Cauno.

335 3769 430 3836 162.
460 3767 692 3854 Quantumvis
714 3773 830 3836 omnia
853 3773 1042 3838 succedunt
1064 3785 1100 3842 et
1128 3777 1394 3860 progrediuntur

271 3865 304 3928 in
324 3865 422 3930 caelo
441 3867 530 3931 sicut
549 3868 582 3931 in
602 3868 742 3943 mundo,
763 3889 869 3952 usque
888 3878 1005 3934 tamen
1026 3871 1159 3954 angelis
1179 3873 1273 3938 nulla
1296 3875 1394 3938 notio

272 3970 307 4024 et
331 3961 408 4025 idea
431 3963 597 4046 temporis
620 3972 656 4027 et
680 3965 783 4046 spatii
803 3974 881 4043 est;
912 3975 948 4030 et
971 3976 1044 4030 tam
1064 3967 1169 4042 nulla,
1194 3979 1232 4034 ut
1255 3990 1393 4052 prorsus

272 4073 340 4118 non
354 4058 466 4121 sciant
483 4057 562 4140 quid
580 4068 717 4141 tempus
733 4069 768 4123 et
785 4061 945 4141 spatium.
992 4038 1044 4126 fle
1058 4061 1230 4146 Tempore
1245 4065 1278 4128 in
1295 4065 1393 4129 caelo

272 4149 326 4214 hic
347 4171 436 4216 nunc
456 4152 601 4229 dicetur,
621 4165 656 4218 et
677 4155 720 4218 de
740 4154 862 4236 Spatio
881 4157 914 4219 in
935 4177 997 4220 suo
1015 4159 1171 4222 articulo.

230 4247 234 4256 '
336 4245 434 4330 163.
464 4246 566 4329 Quod
590 4249 705 4331 angeli
733 4269 802 4314 non
829 4252 940 4316 sciant
962 4253 1042 4336 quid
1066 4261 1214 4338 tempus,
1237 4257 1393 4340 quamvis

272 4342 388 4403 omnia
403 4342 493 4424 apud
512 4341 590 4407 illos
606 4346 799 4408 successive
815 4347 1079 4429 progrediuntur
1094 4351 1181 4414 sicut
1199 4350 1233 4414 in
1252 4351 1391 4424 mundo.

272 4445 308 4500 et
331 4443 402 4499 tam
421 4457 560 4520 prorsus
584 4448 621 4502 ut
645 4439 740 4504 nulla
763 4439 955 4506 differentia
974 4444 1027 4520 sit,
1052 4453 1233 4510 causaest
1258 4447 1336 4530 quia
1358 4447 1392 4510 in

273 4529 370 4594 caelo
390 4551 458 4596 non
477 4543 557 4597 sunt
576 4533 658 4598 anni
680 4545 716 4600 et
740 4535 824 4612 dies,
844 4536 906 4602 sed
929 4547 1009 4602 sunt
1032 4539 1241 4604 mutationes
1258 4551 1391 4620 status;
