3382 5358
313 660 370 736 146
632 668 682 718 DE
705 663 833 718 CAELO
856 665 904 716 ET
923 662 1105 716 INFER‘NO.

309 842 484 926 spiritibus
506 861 614 923 aeque
637 848 691 904 est
714 839 880 902 memoria
906 856 946 900 ac
976 835 1181 900 hominibus.
1226 833 1261 900 Si
1291 835 1427 916 spiritus

308 957 386 1002 cum
404 938 544 1003 homine
564 935 761 1020 loqueretur
784 952 829 996 ex
852 952 913 996 sua
936 933 1111 1008 memoria,
1131 939 1214 996 tunc
1234 930 1339 994 homo
1358 949 1427 994 non

308 1033 410 1096 aliter
425 1032 538 1107 sciret,
553 1050 654 1113 quam
667 1027 758 1112 quod
778 1047 832 1091 res
847 1046 931 1108 quas
948 1035 1030 1088 tunc
1047 1026 1181 1106 cogitat
1198 1045 1279 1088 suae
1298 1035 1427 1098 essent,

308 1145 385 1190 cum
400 1136 517 1191 tamen
534 1134 613 1190 sunt
627 1125 763 1208 spiritus
777 1143 785 1201 ;
810 1132 864 1185 est
877 1119 971 1185 velut
987 1121 1243 1184 reminiscentia
1254 1121 1313 1195 rei,
1327 1139 1428 1203 quam

308 1231 425 1286 tamen
444 1220 549 1284 homo
568 1237 735 1302 nusquam
754 1217 883 1280 audivit
906 1226 964 1280 aut
984 1217 1090 1280 vidit:
1122 1217 1212 1298 quod
1237 1216 1287 1280 ita
1309 1217 1365 1291 sit,
1386 1216 1429 1278 ab

308 1317 522 1399 experientia
541 1314 622 1378 mihi
644 1315 730 1378 scire
759 1313 879 1376 datum
910 1321 974 1375 est.
1020 1310 1106 1374 Inde
1134 1309 1196 1374 suit
1226 1311 1427 1394 quibusdam

307 1411 456 1494 antiquis
474 1411 600 1492 opinio,
621 1409 712 1492 quod
732 1416 812 1490 post
830 1406 962 1488 aliquot
981 1405 1089 1468 millia
1107 1424 1272 1469 annorum
1289 1405 1428 1468 redituri

308 1516 424 1570 essent
440 1505 472 1567 in
484 1505 592 1568 vitam
603 1523 698 1566 suam
711 1503 869 1586 priorem,
883 1510 919 1564 et
935 1502 969 1564 in
982 1502 1098 1564 omnia
1108 1500 1180 1582 ejus
1192 1498 1279 1576 afta,
1291 1509 1327 1564 et
1343 1519 1428 1582 quo-

308 1621 372 1684 que
392 1599 482 1683 quod
501 1599 684 1678 redierint;
707 1597 949 1661 concluserunt
968 1597 1002 1660 id
1025 1617 1071 1660 ex
1090 1617 1143 1671 eo,
1163 1596 1255 1680 quod
1274 1595 1428 1680 quando·

308 1715 374 1778 que
403 1695 582 1758 obvenerit
615 1695 664 1757 eis
697 1693 792 1776 quasi
822 1693 1018 1756 recordatio
1045 1711 1168 1767 rerum,
1196 1711 1280 1774 quas
1309 1701 1428 1756 tamen

308 1807 474 1872 nusquam
497 1788 655 1852 viderunt
678 1798 737 1852 aut
760 1788 987 1866 audiverunt;
1020 1786 1087 1851 hoc
1110 1783 1237 1850 iactum
1260 1795 1326 1863 est,
1350 1788 1429 1868 quia

308 1885 445 1965 spiritus
460 1905 505 1947 ex
518 1903 578 1947 sua
594 1883 758 1947 memoria
773 1884 807 1946 in
822 1883 918 1947 ideas
929 1883 1162 1966 cogitationes
1174 1901 1291 1948 eorum
1303 1881 1427 1946 influx-

308 1989 417 2042 erunt.
599 2047 605 2056 ,

371 2085 464 2158 257.
493 2069 579 2138 Sunt
602 2073 708 2138 etiam
730 2073 879 2155 spiritus,
899 2073 955 2156 qui
977 2081 1147 2136 vocantur
1165 2072 1303 2156 spiritus
1327 2082 1428 2136 natu·

309 2167 397 2231 rales
416 2177 451 2230 et
470 2169 643 2252 corporei:
668 2168 716 2232 illi
736 2187 813 2232 cum
832 2168 875 2232 ad
894 2168 1068 2232 hominem
1087 2169 1239 2245 veniunt,
1257 2188 1326 2232 non
1345 2187 1429 2232 con·
1448 2153 1459 2194 ¹

308 2262 454 2344 jungunt
483 2281 520 2326 se
549 2283 625 2326 cum
649 2264 861 2346 cogitatione
891 2262 962 2344 ejus
992 2264 1079 2328 sicut
1108 2263 1166 2326 alii
1195 2264 1343 2344 spiritus,
1368 2263 1429 2326 sed

309 2359 437 2420 intrant
460 2357 493 2420 in
513 2377 635 2440 corpus
654 2357 735 2440 ejus,
755 2368 792 2422 et
815 2367 986 2440 occupant
1008 2377 1128 2422 omnes
1147 2356 1218 2439 ejus
1237 2378 1367 2434 sensus,
1387 2379 1427 2422 ac

309 2451 493 2534 loquuntur
509 2472 568 2534 per
584 2473 622 2516 os
641 2452 722 2536 ejus,
740 2463 776 2517 et
792 2461 900 2535 agunt
920 2473 980 2536 per
994 2454 1147 2516 membra
1163 2452 1244 2534 ejus,
1261 2465 1342 2517 tunc
1359 2473 1429 2517 non

309 2545 406 2610 aliter
428 2547 578 2610 scientes
601 2567 703 2631 quam
734 2549 825 2631 quod
857 2549 971 2612 omnia
994 2547 1142 2612 hominis
1165 2569 1227 2612 sua
1256 2551 1343 2613 sint:
1381 2548 1429 2611 illi

309 2651 388 2704 sunt
415 2642 552 2722 spiritus
579 2644 634 2725 qui
665 2642 825 2706 obsident
854 2642 1049 2722 hominem;
1081 2644 1142 2706 sed
1165 2643 1200 2707 hi
1229 2663 1250 2707 a
1279 2643 1430 2708 Domino

309 2731 453 2816 conjetti
472 2746 551 2798 sunt
570 2737 604 2799 in
623 2735 800 2812 infernum,
817 2747 853 2802 et
872 2737 920 2801 sic
944 2757 1080 2820 prorsus
1099 2739 1244 2817 remoti;
1268 2739 1357 2802 unde
1375 2749 1428 2803 ta·

310 2830 360 2893 les
379 2829 595 2894 obsessiones
615 2851 682 2894 non
702 2831 804 2895 hodie
823 2830 1013 2897 danturlsxl

706 3025 745 3081 (ix
758 3039 856 3071 nacaurs
868 3031 1031 3084 cananeus.)

364 3130 430 3200 (xx)
457 3127 546 3202 Quod
561 3149 622 3188 non
636 3131 728 3188 hodie
740 3133 851 3188 dentur
862 3132 1053 3188 obsessiones
1066 3143 1206 3189 externae
1220 3149 1273 3189 seu
1286 3134 1428 3205 corporis.

310 3211 344 3256 ut
356 3201 428 3256 olim
443 3203 484 3270 (n.
500 3203 588 3273 1983).

364 3271 423 3327 Sed
442 3273 523 3354 quod
544 3274 635 3329 bodie
647 3274 757 3329 dentur
771 3274 962 3330 obsessiones
978 3275 1122 3338 internae,
1135 3291 1212 3346 quae
1231 3276 1349 3337 mentis,
1363 3277 1429 3346 plus

310 3359 401 3415 quam
413 3343 486 3397 0¹¹m
502 3345 541 3412 (n.
558 3345 633 3414 1983.
645 3349 738 3414 4793)·

363 3412 453 3486 Quod
462 3413 554 3470 homo
563 3417 704 3471 obsessus
712 3415 751 3470 sit
764 3415 898 3478 interius,
908 3431 977 3472 cum
987 3431 1110 3486 spurcas
1119 3416 1320 3500 cogitationes
1330 3417 1429 3480 habet,

310 3495 340 3540 et
356 3485 548 3541 scandalosas
563 3487 601 3541 de
618 3485 692 3548 Deo,
708 3495 739 3540 et
754 3485 792 3542 de
808 3485 953 3557 proximo,
969 3497 1001 3552 et
1018 3503 1086 3542 cum
1106 3488 1145 3541 ab
1164 3487 1221 3543 illis
1237 3488 1430 3558 propalandis

314 3555 412 3611 solum
422 3555 576 3611 detinetur
585 3557 764 3627 pervincula
773 3569 906 3621 externa,
916 3573 993 3628 quae
1002 3569 1073 3614 sunt
1082 3558 1174 3614 timor
1181 3555 1314 3629 jatturse
1324 3557 1429 3620 famae,

312 3625 443 3687 honoris,
457 3627 539 3688 lucri.
553 3627 636 3698 legis,
649 3627 729 3683 vitae
743 3629 784 3697 (n.
800 3630 889 3712 5990).

312 3772 323 3838 (
365 3697 411 3752 De
423 3698 575 3835 spiritibus
588 3699 744 3755 diabolicis
756 3715 807 3771 qur
820 3698 979 3773 praecipue
991 3699 1132 3755 obsident
1144 3698 1286 3756 interiora
1298 3699 1429 3756 hominis

325 3785 352 3823 1¹·
365 3781 436 3838 4793
451 3809 457 3824 ·

366 3838 412 3894 De
426 3838 580 3910 spiritibus
592 3840 748 3896 diabolicis
767 3841 818 3912 qui
837 3840 964 3912 cupiunt
978 3841 1117 3898 obsidere
1130 3841 1278 3898 exteriora
1290 3841 1429 3904 hominis,

312 3911 393 3982 quod
407 3910 499 3968 clausi
513 3911 574 3967 sint
587 3911 617 3966 in
631 3911 754 3968 iniemis
768 3913 809 3982 (n.
823 3924 855 3980 27
860 3925 900 3982 52,
916 3913 1005 3982 5990).
