3408 5358
294 627 360 676 210
617 619 667 672 DE
690 619 816 672 cnuto
834 619 884 670 ἘΤ
910 619 1093 672 INFERNO.

294 796 328 860 hi
345 815 480 880 quoque
496 802 588 870 sunt,
609 793 652 858 de
672 791 793 876 quibus
813 789 982 854 Dominus
1002 791 1096 867 dicit,

354 927 447 994 ‘'Juati
459 927 601 991 lulgebunt
613 926 681 976 sicut
692 925 735 976 sol
749 927 775 975 in
789 939 874 990 regno
890 925 979 976 Patris
990 925 1070 976 ¹¹lmei
1081 925 1095 946 ''
1108 925 1216 986 (Marti.
1228 927 1283 977 xili.
1294 928 1353 990 43):

294 1072 385 1156 quod
401 1071 559 1153 fulgeant
578 1072 666 1136 sicut
686 1070 750 1148 sol,
770 1081 824 1136 est
845 1072 923 1155 quia
942 1073 976 1136 in
996 1091 1112 1137 amore
1132 1074 1165 1136 in
1185 1071 1371 1138 Dominum
1393 1095 1414 1137 a

295 1167 445 1230 Domino
462 1177 554 1244 sunt,
572 1176 609 1231 et
625 1167 681 1232 ille
699 1187 794 1232 amor
810 1169 1015 1251 intelligitur
1030 1191 1091 1255 per
1109 1170 1264 1233 “solem'’
1282 1170 1413 1252 (videa-

295 1279 351 1332 tur
371 1283 483 1347 supra,
502 1283 534 1326 n.
558 1263 740 1348 116-125);
764 1266 870 1330 etiam
889 1267 949 1330 lux
968 1269 1059 1350 apud
1077 1266 1155 1331 illos
1173 1277 1228 1332 est
1244 1267 1412 1340 flammea,

295 1374 331 1426 et
348 1360 446 1423 ideae
460 1359 683 1440 cogitationis
698 1381 815 1424 eorum
832 1381 877 1425 ex
893 1361 1052 1426 flammeo
1067 1363 1220 1438 trahunt,
1234 1365 1312 1446 quia
1327 1363 1413 1426 reci·

298 1457 396 1540 piunt
428 1454 556 1518 bonum
587 1455 712 1518 amoris
742 1455 941 1519 immediate
972 1477 993 1520 a
1023 1457 1172 1520 Domino
1202 1466 1239 1521 ut
1269 1455 1350 1520 Sole
1380 1457 1413 1518 in

296 1549 403 1614 caelo.

361 1659 464 1727 349.
493 1639 625 1706 Omnes
653 1644 710 1727 qui
742 1643 1014 1726 intelligentiam
1047 1653 1084 1709 et
1117 1643 1322 1727 sapientiam
1351 1645 1413 1708 sibi

297 1748 584 1821 comparaverunt
607 1740 641 1802 in
665 1741 803 1815 mundo,
824 1741 960 1822 accepti
982 1749 1062 1803 sunt
1086 1741 1120 1802 in
1144 1739 1251 1813 caelo,
1272 1748 1309 1802 et
1332 1737 1415 1802 fiunt

296 1833 422 1916 angeli,
440 1835 582 1916 quisque
600 1835 788 1898 secundum
805 1833 905 1918 quale
924 1844 960 1898 et
979 1843 1146 1918 quantum
1160 1834 1414 1916 intelligentiae

297 1939 333 1994 et
349 1927 558 2011 sapientiae:
582 1929 741 2012 quicquid
757 1931 847 1992 enim
864 1929 970 1993 homo
985 1929 1049 1992 sibi
1065 1929 1209 2012 acquirit
1224 1930 1259 1992 in
1275 1927 1413 2004 mundo,

296 2025 362 2088 hoc
378 2033 546 2100 remanet,
561 2033 596 2088 et
613 2043 728 2088 secum
744 2024 811 2088 lert
827 2034 906 2107 post
924 2033 1083 2099 mortem,
1102 2033 1138 2087 et
1155 2043 1290 2107 quoque
1308 2041 1414 2105 auge-

298 2131 354 2184 tur
366 2127 401 2183 et
412 2119 583 2199 impletur,
595 2119 656 2183 sed
668 2121 758 2183 intra
771 2119 915 2202 gradum
924 2115 1113 2182 affectionis
1125 2127 1162 2182 et
1174 2118 1334 2182 desiderii
1343 2119 1414 2183 veri

298 2225 334 2279 et
346 2214 427 2278 boni
439 2213 521 2294 ejus,
532 2233 600 2277 non
613 2223 730 2278 autem
740 2214 829 2277 ultra
841 2213 957 2291 illum3
976 2211 1035 2288 illi,
1047 2212 1167 2296 quibus
1179 2231 1299 2295 parum
1311 2211 1414 2277 affec·

298 2309 403 2373 tionis
422 2318 459 2372 et
479 2307 639 2372 desiderii
657 2308 730 2384 luit,
747 2327 865 2390 parum
884 2307 1061 2388 recipiunt,
1075 2307 1136 2370 sed
1153 2327 1260 2390 usque
1276 2317 1415 2371 tantum

297 2413 466 2486 quantum
485 2403 578 2466 intra
596 2401 692 2466 illum
711 2401 855 2484 gradum
874 2401 1026 2482 recipere
1044 2409 1209 2483 possunt3
1232 2401 1282 2464 illi
1299 2411 1415 2466 autem

297 2498 421 2581 quibus
443 2497 589 2561 multum
609 2494 807 2571 affectionis,
828 2505 864 2559 et
887 2495 1046 2558 desiderii
1068 2495 1142 2572 fuit,
1162 2495 1307 2559 multum
1328 2499 1415 2560 reci·

298 2593 419 2675 piunt;
443 2593 516 2673 ipse
539 2592 665 2674 gradus
683 2587 871 2654 affettionis
894 2599 930 2654 et
953 2589 1112 2654 desiderii
1135 2599 1189 2653 est
1213 2591 1301 2654 sicut
1319 2609 1415 2655 men·

299 2705 387 2762 sura,
411 2707 498 2770 quae
528 2697 675 2768 augetur
702 2686 746 2748 ad
780 2685 930 2767 plenum,
954 2683 1030 2766 plus
1060 2685 1177 2766 itaque
1206 2685 1260 2748 cui
1289 2703 1417 2766 magna

300 2797 468 2856 mensura,
486 2789 521 2844 et
541 2781 651 2842 minus
667 2779 720 2841 cui
736 2796 862 2859 parva:
886 2777 978 2860 quod
996 2779 1045 2840 ita
1060 2779 1117 2853 sit,
1135 2787 1189 2841 est
1208 2797 1322 2854 causa,
1338 2779 1417 2860 quia

300 2873 406 2950 amor',
426 2874 521 2955 cujus
541 2883 596 2938 est
615 2869 749 2936 affectio
771 2882 808 2936 et
831 2873 1047 2948 desiderium,
1067 2873 1187 2954 recipit
1204 2891 1307 2936 omne
1325 2873 1417 2955 quod

300 2967 363 3032 sibi
376 2969 538 3032 convenit
551 2989 558 3046 ;
582 2968 661 3032 inde
674 2977 822 3049 quantus
834 2977 889 3032 est
901 2985 999 3032 amor
1010 2975 1146 3030 tantum
1158 2965 1291 3048 recipit.
1338 2965 1416 3030 Hoc

300 3063 506 3144 intelligitur
523 3081 584 3144 per
602 3062 741 3126 Domini
758 3063 876 3138 verba,

353 3207 463 3266 “Omni
473 3208 518 3272 qui
530 3207 618 3266 habet,
625 3206 739 3259 dabitur.
748 3217 778 3257 ut
789 3207 970 3256 abuudantius
979 3207 1077 3256 habeat
1085 3204 1215 3269 ”wana
1224 3203 1279 3256 xiii.
1293 3215 1340 3266 12;
1357 3219 1415 3270 cap.

352 3335 406 3387 “ln
418 3271 627 3465 riggnggzlaitur
639 3350 767 3386 mensura
779 3339 860 3397 bona,
872 3351 975 3401 prema,
990 3338 1092 3400 agitata
1103 3345 1130 3386 et
1142 3333 1333 3400 auperflueua”
1343 3335 1418 3397 (Luc.

433 3417 467 3452 vn
483 3415 497 3464 3
526 3438 532 3452 .

365 3557 469 3627 35«)-
498 3541 629 3609 Omnes
661 3545 695 3609 in
726 3546 861 3610 caelum
884 3545 1105 3629 recipiuntur,
1129 3545 1185 3628 qui
1214 3552 1419 3609 amaverunt

302 3659 420 3704 verum
443 3649 479 3702 et
510 3639 636 3702 bonum
666 3651 806 3724 propter
829 3659 947 3703 verum
976 3649 1012 3704 et
1041 3642 1187 3703 bonum:
1218 3639 1274 3722 qui
1303 3639 1419 3722 itaque

303 3734 450 3800 multum
469 3744 683 3812 amavarunt‚
700 3733 749 3799 illi
771 3743 851 3800 sunt
875 3736 931 3818 qui
953 3745 1121 3799 vocantur
1139 3734 1333 3816 sapientem
1363 3734 1420 3816 qui

304 3839 420 3894 autem
453 3849 571 3912 parum
599 3840 812 3907 amaverunt,
834 3839 915 3894 sunt
945 3831 1001 3913 qui
1030 3837 1199 3893 vocantur
1224 3827 1419 3911 simplices;

304 3926 479 4008 sapientes
498 3925 532 3988 in
552 3924 650 3990 caelo
669 3927 703 3990 in
722 3927 832 3990 multa
851 3925 927 3990 luce
946 3935 1037 4002 sunt,
1058 3925 1232 4008 simplices
1251 3933 1367 3988 autem
1385 3925 1420 3987 in

304 4020 403 4086 caelo
431 4020 466 4084 in
496 4021 628 4085 minore
656 4019 733 4086 luce
756 4031 857 4100 sunt;
889 4023 1033 4106 quisque
1056 4021 1245 4086 secundum
1276 4021 1420 4104 gradum

305 4239 374 4295 titia
385 4235 509 4294 Domini
524 4257 531 4302 ;
545 4254 581 4294 ac
593 4245 610 4269 ‘⁸
618 4239 747 4310 injustus
756 4239 773 4262 ”
785 4240 834 4296 cui
847 4251 894 4296 est
906 4241 1023 4312 justitia
1040 4241 1161 4312 propria
1173 4250 1204 4296 et
1216 4241 1357 4296 meritum
1373 4239 1420 4294 sui

307 4313 347 4380 (n.
358 4309 570 4524 &effla
582 4379 677 4438 altera
683 4383 748 4440 vita
759 4381 811 4456 qul
820 4381 968 4456 justitiam
978 4381 1034 4438 ribi
1043 4383 1199 4440 vindicant
1209 4387 1248 4456 (n.
1260 4399 1321 4456 942.
1331 4385 1421 4452 2027).

404 4451 448 4536 'od
469 4451 610 4523 “justitia
618 4453 633 4476 '⁶
651 4455 682 4508 in
701 4453 802 4540 Yerbo
821 4455 939 4542 dicatur
955 4455 994 4512 de
1012 4457 1101 4518 bono.
1121 4464 1153 4512 et
1170 4455 1341 4530 “judicium
1352 4453 1368 4476 ''
1385 4454 1423 4510 de

306 4538 386 4663 vppp:
399 4523 609 4663 pppffiacere
627 4525 771 4596 iustitiam
787 4535 818 4582 et
835 4525 1008 4598 judicium”
1019 4537 1066 4584 est
1081 4529 1194 4583 bonum
1213 4535 1245 4584 et
1261 4542 1365 4583 verum
1382 4527 1423 4597 (n.
