3368 5356
297 631 341 704 72
624 633 676 686 ns
697 631 825 686 casco
847 631 897 686 nr
919 631 1102 686 mssnno.

792 987 923 1075 [xm]

645 1173 705 1240 Ds
727 1171 831 1240 Socs
853 1187 896 1240 1u
919 1173 1063 1242 casso.

358 1361 454 1428 116.
484 1357 641 1426 incaelo
660 1379 730 1424 non
754 1367 898 1444 apparet
920 1359 974 1424 sol
997 1359 1126 1438 mundi,
1146 1379 1210 1426 nec
1233 1361 1416 1448 quicquam

293 1457 386 1540 quod
416 1457 460 1520 ab
489 1455 551 1520 illo
575 1456 660 1533 sole,
684 1457 764 1539 quia
793 1456 828 1522 id
858 1475 961 1520 omne
984 1455 1143 1521 naturale
1165 1466 1241 1537 est;
1274 1457 1417 1522 inchoat

293 1553 385 1617 enim
401 1562 524 1616 natura
540 1551 585 1616 ab
602 1552 664 1616 illo
679 1553 764 1630 sole,
782 1561 819 1616 et
837 1552 998 1636 quicquid
1016 1551 1189 1636 perillum
1206 1553 1415 1638 producitur,

294 1647 453 1714 naturale
475 1657 644 1713 vocatur:
677 1647 857 1730 spirituale
880 1657 1009 1724 autem,
1033 1647 1068 1711 in
1098 1667 1166 1732 quo
1193 1658 1248 1712 est
1271 1648 1415 1724 caelum,

293 1752 347 1808 est
366 1763 468 1826 supra
487 1753 656 1819 naturam,
676 1753 712 1808 et
735 1762 873 1824 prorsus
893 1740 1094 1808 distindium
1117 1764 1138 1807 a
1160 1743 1327 1822 naturali;
1350 1763 1415 1810 nec

293 1839 550 1902 communicant
564 1839 654 1902 inter
670 1858 708 1902 se
723 1857 825 1920 quam
842 1858 902 1920 per
913 1839 1253 1920 correspondentias.
1294 1837 1415 1920 Qualis

291 1933 469 2000 distinctio
491 1943 556 2010 est,
576 1933 824 2018 comprehendi
843 1943 963 2016 potest
982 1955 1027 1998 ex
1050 1933 1118 1998 illis
1141 1955 1229 2018 quae
1252 1935 1342 2018 prius
1367 1933 1414 2017 (n.

292 2029 347 2114 38)
372 2031 416 2094 de
438 2029 611 2112 gradibus,
631 2041 668 2092 et
691 2029 801 2112 qualis
819 2029 1087 2093 communicatio
1109 2049 1156 2094 ex
1178 2029 1246 2094 illis
1269 2049 1357 2112 quae
1380 2031 1414 2094 in

290 2125 379 2192 binis
401 2124 691 2210 praecedentibus
716 2123 870 2190 articulis
900 2124 944 2188 de
970 2125 1297 2208 correspondemus,
1322 2121 1415 2190 dicia

289 2232 381 2288 sunt.

353 2329 443 2399 117.
472 2313 540 2380 Sed
556 2315 698 2379 tametsi
717 2316 751 2380 in
770 2314 870 2380 caelo
885 2334 956 2380 non
971 2323 1117 2399 apparet
1132 2313 1186 2379 sol
1204 2316 1333 2393 mundi,
1348 2337 1411 2382 nec

290 2411 470 2495 quicquam
488 2412 581 2494 quod
604 2431 650 2476 ex
668 2411 729 2475 illo
747 2411 832 2486 sole,
853 2431 960 2494 usque
983 2411 1028 2474 ibi
1051 2420 1106 2474 est
1126 2409 1198 2487 Sol,
1210 2421 1273 2492 ¹est
1293 2411 1353 2476 lux
1375 2424 1414 2478 et

288 2515 344 2572 est
363 2505 469 2582 calor,
486 2527 526 2570 ac
546 2515 627 2570 sunt
643 2507 760 2570 omnia
775 2527 862 2588 quae
882 2506 916 2568 in
933 2505 1074 2583 mundo,
1092 2525 1132 2570 ac
1151 2505 1413 2572 innumerabilia

288 2601 397 2686 plura,
422 2620 538 2666 verum
563 2621 632 2664 non
655 2622 702 2666 ex
723 2601 827 2664 simili
852 2601 1004 2682 origine;
1035 2619 1115 2664 nam
1139 2621 1227 2684 quae
1253 2601 1412 2668 incaelo

289 2707 382 2774 sunt,
406 2697 597 2780 spiritualia
620 2706 712 2772 sunt,
736 2705 773 2760 et
796 2717 884 2779 quae
914 2697 948 2760 in
971 2696 1101 2762 mundo
1124 2695 1305 2762 naturalia.
1351 2695 1413 2764 Sol

288 2791 376 2858 caeli
392 2803 446 2856 est
463 2791 642 2867 Dominus,
661 2790 722 2854 lux
738 2791 784 2854 ibi
800 2801 854 2856 est
871 2790 1035 2854 Divinum
1051 2811 1181 2868 verum,
1199 2802 1236 2858 et
1254 2792 1350 2858 calor
1365 2795 1411 2858 ibi

287 2899 342 2954 est
365 2888 526 2952 Divinum
545 2888 683 2962 bonum,
704 2907 791 2969 quae
814 2886 1007 2970 procedunt
1030 2907 1051 2950 a
1073 2885 1225 2952 Domino
1247 2898 1286 2954 ut
1309 2887 1410 2970 Sole3

287 3005 333 3049 ex
349 2983 408 3047 illa
424 2983 555 3064 origine
570 2991 652 3046 sunt
668 2983 784 3045 omnia
800 3002 887 3065 quae
902 2982 936 3046 in
953 2981 1059 3046 caelis
1075 2983 1232 3048 existunt
1249 2993 1285 3049 et
1303 3005 1410 3068 appa·

287 3087 375 3143 rent.
421 3075 490 3142 Sed
509 3077 552 3144 de
572 3075 666 3141 Luce
685 3087 721 3142 et
747 3075 881 3154 Calore,
901 3085 938 3142 et
961 3077 1004 3140 de
1026 3077 1094 3141 illis
1113 3099 1201 3162 quae
1219 3078 1299 3144 inde
1318 3081 1410 3144 exis-

287 3183 366 3238 tunt
385 3173 420 3236 in
439 3173 549 3248 caelo,
570 3173 705 3236 dicetur
726 3171 760 3235 in
783 3171 937 3236 articulis
956 3173 1201 3255 sequentibus;
1224 3173 1279 3238 hic
1299 3174 1409 3240 solum

286 3271 330 3336 de
349 3267 431 3332 Sole
446 3269 502 3332 ibi.
547 3265 649 3350 Quod
668 3267 837 3331 Dominus
855 3267 889 3330 in
906 3267 1005 3332 caelo
1022 3277 1189 3350 appareat
1210 3278 1247 3334 ut
1265 3267 1338 3346 Sol,
1355 3281 1410 3336 est

286 3365 365 3448 quia
382 3373 437 3429 cst
456 3362 600 3426 Divinus
619 3361 741 3438 Amor,
759 3384 804 3427 ex
823 3383 890 3446 quo
907 3363 1022 3428 omnia
1037 3364 1227 3446 spiritualia
1242 3365 1408 3442 existunt,

286 3479 326 3524 ac
345 3460 460 3524 medio
479 3459 553 3523 sole
571 3459 690 3522 mundi
708 3459 823 3522 omnia
842 3458 1033 3522 naturalia:
1065 3457 1122 3524 ille
1145 3458 1256 3524 Amor
1275 3471 1329 3525 est
1352 3462 1409 3545 qui

286 3554 380 3620 lucet
399 3564 437 3619 ut
457 3551 528 3618 Sol.

349 3649 442 3714 118.
472 3647 575 3730 Quod
599 3647 769 3712 Dominus
792 3646 975 3713 actualiter
997 3657 1164 3732 appareat
1189 3649 1223 3712 in
1248 3649 1347 3714 caelo
1370 3661 1407 3715 ut

286 3743 358 3821 Sol,
378 3764 448 3808 non
468 3743 572 3808 modo
591 3743 673 3806 mihi
692 3741 820 3808 dicium
839 3755 893 3808 est
912 3744 958 3808 ab
975 3744 1120 3826 angelis,
1141 3744 1203 3808 sed
1222 3745 1327 3808 etiam
1346 3746 1407 3810 da·

284 3849 360 3905 turn
383 3849 438 3904 est
462 3837 645 3921 aliquoties
667 3839 804 3917 videre;
838 3859 943 3923 quare
966 3860 1053 3923 quae
1076 3839 1189 3904 audivi
1213 3849 1249 3904 et
1272 3839 1342 3904 vidi
1364 3841 1407 3904 de

285 3935 437 3999 Domino
460 3943 498 3998 ut
525 3931 618 4010 Sole,
642 3933 745 3998 velim
771 3933 826 3998 bic
850 3935 967 4018 paucis
989 3935 1193 4000 describere.
1239 3933 1407 3998 Dominus

284 4039 429 4112 apparet
453 4037 491 4092 ut
515 4027 575 4092 Sol
594 4047 663 4092 non
686 4029 720 4092 in
743 4029 853 4105 caelo,
873 4030 935 4094 sed
958 4029 1031 4094 alte
1054 4051 1156 4114 supra
1173 4029 1308 4094 caelos:
1341 4049 1405 4094 nec

284 4145 385 4207 supra
394 4133 499 4206 caput
512 4144 573 4186 seu
585 4123 619 4186 in
631 4125 772 4199 vertice,
783 4126 844 4189 sed
855 4135 934 4190 ante
948 4125 1150 4208 angelorum
1160 4123 1277 4201 iacies,
1288 4125 1322 4189 in
1332 4143 1406 4190 me·

284 4220 341 4283 dia
359 4219 566 4284 altitudine:
590 4229 734 4301 apparet
754 4220 841 4284 binis
860 4221 893 4284 in
911 4221 1006 4295 locis,
1027 4221 1061 4284 in
1080 4240 1149 4284 uno
1167 4229 1250 4284 ante
1269 4218 1406 4284 oculum

284 4316 458 4392 dextrum,
471 4315 504 4377 in
517 4313 628 4378 altero
640 4323 722 4379 ante
732 4315 869 4380 oculum
882 4317 1068 4392 sinistrum,
1083 4315 1208 4398 insigni
1219 4315 1405 4380 distantia:

283 4421 366 4474 ante
385 4410 522 4474 oculum
538 4409 702 4474 dextrum
718 4421 863 4494 apparet
882 4433 1022 4495 prorsus
1041 4421 1079 4475 ut
1098 4409 1170 4487 Sol,
1188 4409 1290 4474 simili
1308 4407 1406 4492 quasi

282 4505 374 4588 igne,
395 4515 431 4570 et
455 4504 556 4569 simili
575 4507 823 4588 magnitudine,
844 4507 965 4589 quibus
985 4507 1038 4571 sol
1062 4506 1198 4583 mundi;
1222 4515 1304 4569 ante
1324 4524 1405 4568 ocu·

283 4601 354 4666 lum
377 4611 493 4665 autem
517 4602 693 4666 sinistrum
717 4623 786 4667 non
813 4613 957 4686 apparet
986 4613 1022 4668 ut
1052 4601 1112 4666 Sol
1136 4602 1196 4666 sed
1227 4611 1264 4665 ut
1294 4599 1403 4674 Luna,
