3350 5366
287 658 352 723 Qut
366 660 406 710 IN
419 659 599 712 INFERNIS
610 659 717 726 SUNT,
730 663 770 712 IN
781 663 898 715 Mnus
911 663 959 714 ET
972 664 1065 715 INDE
1076 665 1204 717 FALSIS
1214 666 1322 719 SUNT.
1344 669 1404 737 359

287 831 445 894 societati
467 830 662 911 humanae;
693 841 730 897 ut
747 837 793 896 'et
816 832 882 897 iilis
904 833 1105 898 benefacere
1129 834 1240 900 solum
1264 847 1405 919 propter

287 927 337 988 sui
360 925 496 1002 samam,
517 928 682 992 honorem
701 937 737 991 et
760 927 928 1010 gloriam3
953 949 1039 1011 quae
1063 929 1126 992 nisi
1144 931 1261 995 videat
1284 933 1318 994 in
1337 935 1404 996 usi·

286 1021 350 1084 bus
368 1039 453 1103 quos
472 1021 540 1086 iliis
558 1029 725 1104 praestat,
743 1024 826 1088 dicit
845 1024 949 1088 corde
968 1045 1041 1100 suo,
1061 1023 1182 1106 “Quid
1199 1025 1325 1090 refert?
1347 1047 1405 1092 cur

286 1113 378 1179 hoc?
411 1125 448 1180 et
476 1117 556 1199 quid
585 1117 665 1180 inde
688 1116 810 1180 mihi?’'
840 1127 876 1182 et
906 1119 953 1182 sic
984 1119 1123 1182 omittit.
1169 1119 1271 1185 Unde
1294 1131 1404 1204 patet,

286 1209 379 1292 quod
403 1211 460 1294 qui
483 1213 517 1274 in
540 1231 656 1276 amore
680 1214 729 1276 sui
752 1223 818 1288 est,
838 1233 907 1276 non
931 1223 1025 1278 amet
1049 1215 1244 1292 ecclesiam,
1262 1236 1324 1280 nec
1344 1237 1405 1300 pa·

287 1305 399 1380 triam,
424 1325 487 1369 nec
511 1307 726 1383 societatem,
752 1327 814 1372 nec
842 1308 990 1390 aliquem
1013 1328 1122 1384 usum,
1140 1309 1200 1372 sed
1224 1330 1260 1374 se
1283 1309 1404 1374 solum.

285 1401 477 1482 Jucundum
501 1403 572 1484 ejus
594 1413 649 1467 est
673 1404 777 1467 modo
795 1403 982 1487 jucundum
1006 1408 1132 1469 amoris
1155 1407 1228 1484 sui;
1262 1417 1298 1471 et
1328 1410 1405 1490 quia

283 1495 480 1576 jucundum,
500 1497 591 1579 quod
615 1500 773 1580 provenit
802 1519 849 1562 ex
871 1519 998 1575 amore,
1018 1500 1099 1564 iacit
1122 1501 1227 1564 vitam
1246 1501 1404 1576 hominis,

286 1591 366 1655 ideo
388 1590 459 1674 ejus
480 1593 554 1656 vita
577 1604 630 1656 est
653 1595 726 1656 vita
749 1594 819 1672 sui;
854 1613 893 1657 ac
917 1593 989 1657 vita
1012 1595 1063 1658 sui
1086 1605 1140 1659 est
1163 1597 1235 1660 vita
1258 1617 1302 1660 ex
1326 1616 1404 1679 pro-

287 1687 361 1768 prio
382 1685 542 1762 hominis,
566 1695 602 1750 et
629 1688 802 1770 proprium
825 1687 972 1751 hominis
998 1689 1032 1752 in
1056 1709 1094 1752 se
1121 1687 1313 1770 spectatum
1337 1711 1405 1754 non

287 1790 341 1844 est
364 1781 428 1844 nisi
445 1799 548 1863 quam
568 1782 705 1845 maium.
752 1781 819 1863 Qui
842 1793 936 1845 amat
959 1803 1006 1854 se,
1027 1783 1055 1844 is
1078 1785 1184 1847 etiam
1203 1794 1295 1848 amat
1313 1806 1404 1859 suos,

287 1875 342 1956 qui
372 1885 453 1938 sunt
483 1877 517 1938 in
546 1877 659 1957 specie
690 1875 786 1940 liberi
816 1885 852 1939 et
886 1887 1031 1957 nepotes
1055 1877 1135 1960 ejus,
1156 1887 1192 1942 et
1222 1879 1256 1942 in
1279 1899 1405 1960 genere

287 1987 407 2032 omnes
426 1971 482 2052 qui
505 1990 607 2033 unum
631 1990 709 2034 cum
732 1970 792 2034 ilio
815 1969 954 2046 iaciunt,
974 1991 1059 2054 quos
1083 1993 1162 2035 suos
1185 1984 1307 2037 vocat:
1341 1973 1405 2037 hos

287 2073 323 2127 et
352 2064 429 2127 illos
453 2084 568 2128 amare
595 2075 649 2128 est
678 2085 810 2147 quoque
840 2085 877 2128 se
907 2085 1034 2142 amare,
1054 2085 1133 2129 nam
1163 2067 1241 2130 ilios
1271 2067 1404 2151 spectat

287 2160 384 2240 quasi
406 2159 440 2220 in
463 2178 511 2234 se,
536 2168 573 2222 et
603 2179 640 2222 se
670 2159 704 2222 in
727 2159 804 2221 iilis.
849 2158 1055 2235 interillos,
1081 2181 1166 2242 quos
1189 2182 1268 2225 suos
1290 2173 1403 2236 vocat,

287 2262 368 2316 sunt
391 2273 525 2336 quoque
551 2271 672 2317 omnes
699 2255 755 2336 qui
785 2271 861 2317 eum
892 2253 1045 2332 laudant,
1070 2253 1253 2332 honorant,
1278 2265 1314 2320 et
1346 2276 1403 2320 co·

287 2347 375 2412 lunt.
721 2373 722 2380 ¹

350 2455 447 2528 537·
477 2441 534 2506 Ex
556 2443 816 2525 comparatione
839 2461 916 2506 cum
940 2463 1055 2508 amore
1079 2443 1222 2508 caelesti
1245 2455 1405 2510 constare

287 2545 405 2618 potest
428 2538 537 2619 qualis
567 2547 622 2602 est
652 2557 748 2601 amor
771 2537 830 2601 sui.
876 2537 987 2601 Amor
1016 2539 1176 2603 caelestis
1206 2549 1259 2604 est
1290 2559 1404 2605 amare

287 2651 366 2694 usus
382 2641 522 2713 propter
534 2651 623 2706 usus,
637 2653 696 2695 seu
712 2633 803 2696 bona
819 2642 959 2714 propter
971 2633 1072 2708 bona,
1085 2654 1169 2716 quae
1186 2633 1290 2699 homo
1306 2654 1403 2716 prae·

287 2735 359 2790 stat
378 2726 557 2802 ecclesiae,
577 2727 719 2809 patriae,
740 2728 900 2790 societati
919 2727 1087 2791 humanae
1105 2738 1141 2792 et
1161 2729 1316 2809 concivi3
1339 2729 1404 2792 hoc

287 2821 378 2884 enim
401 2830 455 2884 est
479 2840 594 2884 amare
617 2821 729 2885 Deum
753 2831 788 2885 et
819 2841 934 2884 amare
957 2823 1161 2904 proximum,
1185 2823 1263 2905 quia
1285 2843 1404 2886 omnes

288 2933 367 2978 usus
387 2924 423 2979 et
442 2917 557 2978 omnia
573 2916 665 2978 bona
683 2925 763 2979 sunt
782 2915 905 2991 aDe0,
923 2925 959 2979 et
978 2937 1111 2998 quoque
1130 2927 1209 2980 sunt
1228 2919 1405 2999 proximus

287 3011 344 3092 qui
363 3011 540 3073 amandus.
585 3010 636 3074 At
660 3011 716 3093 qui
739 3020 834 3074 amat
857 3010 917 3074 illa
940 3021 1083 3094 propter
1104 3031 1152 3086 se,
1172 3013 1200 3075 is
1223 3031 1291 3075 non
1311 3023 1404 3077 amat

287 3103 346 3168 ilia
369 3104 470 3169 aliter
491 3125 593 3188 quarn
611 3105 790 3182 famulitia,
810 3106 889 3187 quia
907 3106 1059 3170 serviunt
1078 3106 1164 3168 sibi:
1191 3107 1270 3170 inde
1293 3108 1404 3190 sequi·

287 3206 353 3272 tur,
373 3199 465 3280 quod
488 3200 543 3280 qui
565 3199 600 3262 in
623 3217 738 3262 amore
762 3199 812 3261 sui
835 3207 900 3272 est,
924 3200 1010 3262 velit
1035 3209 1071 3262 ut
1105 3199 1261 3274 ecclesia,
1284 3201 1403 3282 patria,

287 3293 477 3357 societates
499 3291 682 3366 humanae,
707 3303 743 3356 et
766 3294 927 3356 concives
951 3294 1100 3356 serviant
1124 3293 1198 3367 sibi,
1223 3306 1257 3357 et
1282 3313 1349 3356 non
1377 3296 1404 3356 is

287 3385 374 3466 illis;
407 3389 506 3469 ponit
536 3409 573 3452 se
603 3408 706 3470 supra
732 3387 821 3462 illos,
846 3397 882 3450 et
912 3387 990 3450 illos
1019 3387 1104 3451 inira
1130 3409 1178 3451 se.
1224 3387 1309 3451 inde
1339 3399 1403 3463 est,

287 3481 379 3563 quod
398 3493 564 3565 quantum
583 3481 705 3564 aliquis
728 3483 761 3544 in
781 3501 897 3545 amore
918 3483 969 3545 sui
988 3491 1052 3558 est,
1072 3493 1208 3546 tantum
1227 3493 1404 3547 removeat

287 3595 325 3639 se
341 3597 361 3640 a
380 3561 488 3652 cae'io,
507 3577 586 3660 quia
604 3577 649 3639 ab
667 3593 783 3638 amore
802 3576 955 3638 caelesti.

349 3669 555 3756 „Spuma
579 3669 695 3744 Porro,
718 3680 883 3752 quantum
902 3669 1023 3752 aliquis
1052 3670 1085 3734 in
1116 3689 1232 3735 amore
1261 3670 1404 3735 caelesti

287 3775 352 3840 est,
377 3767 433 3848 qui
456 3775 509 3828 est
532 3785 647 3829 amare
670 3785 749 3827 usus
772 3774 808 3828 et
831 3766 934 3839 bona,
954 3775 990 3829 et
1012 3763 1100 3829 affici
1119 3765 1269 3848 jucundo
1292 3767 1404 3830 cordis

286 3880 363 3925 cum
387 3859 446 3924 illa
469 3870 622 3943 praestat
648 3870 788 3943 propter
810 3859 1004 3936 ecclesiam,
1022 3863 1179 3942 patriam,
1199 3861 1404 3926 societatem

286 3955 472 4019 humanam
495 3967 532 4020 et
557 3958 746 4029 concivem,
771 3964 908 4017 tantum
931 3955 1076 4018 ducatur
1097 3975 1118 4020 a
1141 3955 1301 4031 Domino,
1326 3958 1406 4039 quia

286 4037 458 4115 iile'amor
474 4061 527 4116 est
546 4051 580 4116 in
596 4073 663 4136 quo
679 4051 769 4134 Ipse,
787 4057 822 4114 et
841 4049 898 4132 qui
917 4049 960 4113 ab
980 4049 1080 4132 Ipso:
1104 4059 1141 4114 at
1159 4059 1326 4133 quantum
1342 4049 1404 4114 ali·

286 4148 361 4229 quis
379 4148 412 4210 in
431 4165 547 4211 amore
563 4148 615 4211 sui
633 4160 700 4220 est,
716 4145 772 4226 qui
790 4163 887 4207 amor
902 4154 956 4207 est
974 4165 1054 4208 usus
1072 4153 1108 4208 et
1125 4145 1217 4208 bona
1232 4153 1405 4226 praestare

286 4251 429 4324 propter
447 4261 495 4318 se,
515 4251 651 4307 tantum
671 4241 807 4306 ducitur
829 4259 849 4301 a
872 4249 1006 4316 semet;
1037 4249 1073 4303 et
1097 4247 1262 4322 quantum
1285 4239 1405 4322 aliquis

287 4337 423 4402 ducitur
451 4358 472 4404 a
500 4347 623 4414 semet,
647 4346 784 4402 tantum
811 4355 881 4398 non
908 4335 1046 4398 ducitur
1073 4354 1094 4399 a
1123 4333 1292 4399 Domino:
1327 4335 1406 4400 inde

287 4451 422 4516 quoque
441 4435 605 4516 sequitur,
625 4433 717 4516 quod
737 4441 903 4513 quantum
927 4431 1001 4512 quis
1024 4450 1061 4492 se
1084 4439 1190 4506 amat,
1209 4438 1346 4493 tanturn
1369 4450 1407 4494 se

288 4536 465 4591 removeat
488 4547 508 4590 a
531 4527 668 4603 Divino,
692 4529 741 4592 ita
765 4543 898 4607 quoquc
930 4545 950 4586 a
980 4522 1087 4587 caelo.
1132 4522 1219 4587 Duci
1241 4541 1262 4587 a
1284 4535 1406 4600 semet,

288 4632 342 4687 est
360 4641 381 4686 a
399 4623 535 4705 proprio
551 4643 612 4686 suo
626 4643 635 4702 3
658 4641 698 4687 ac
717 4619 891 4703 proprium
906 4617 1053 4682 hominis
1069 4637 1137 4682 non
1154 4627 1207 4684 est
1226 4619 1290 4683 nisi
1306 4625 1407 4703 qu'am
