<?xml version="1.0" encoding="UTF-8"?>
<!DOCTYPE html PUBLIC "-//W3C//DTD XHTML 1.0 Transitional//EN"
    "http://www.w3.org/TR/xhtml1/DTD/xhtml1-transitional.dtd">
<html xmlns="http://www.w3.org/1999/xhtml" xml:lang="en" lang="en">
 <head>
  <title>
</title>
<meta http-equiv="Content-Type" content="text/html;charset=utf-8" />
  <meta name='ocr-system' content='tesseract 3.04.00' />
  <meta name='ocr-capabilities' content='ocr_page ocr_carea ocr_par ocr_line ocrx_word'/>
</head>
<body>
  <div class='ocr_page' id='page_1' title='image "./decaeloetejusmi00swedgoog_0356.png"; bbox 0 0 3350 5366; ppageno 0'>
   <div class='ocr_carea' id='block_1_1' title="bbox 377 622 1397 700">
    <p class='ocr_par' dir='ltr' id='par_1_1' title="bbox 377 622 1397 700">
     <span class='ocr_line' id='line_1_1' title="bbox 377 622 1397 700; baseline 0.025 -23"><span class='ocrx_word' id='word_1_1' title='bbox 377 649 410 677; x_wconf 90' lang='lat'>.·</span> <span class='ocrx_word' id='word_1_2' title='bbox 435 622 438 628; x_wconf 90' lang='grc'><em>·</em></span> <span class='ocrx_word' id='word_1_3' title='bbox 507 630 610 697; x_wconf 88' lang='lat' dir='ltr'>Quoo</span> <span class='ocrx_word' id='word_1_4' title='bbox 632 629 805 683; x_wconf 70' lang='lat' dir='ltr'>muretus</span> <span class='ocrx_word' id='word_1_5' title='bbox 824 629 957 682; x_wconf 77' lang='lat' dir='ltr'>ussus</span> <span class='ocrx_word' id='word_1_6' title='bbox 980 629 1162 682; x_wconf 68' lang='lat' dir='ltr'>rurensis.</span> <span class='ocrx_word' id='word_1_7' title='bbox 1336 633 1397 700; x_wconf 80' lang='lat'>349</span> 
     </span>
    </p>
   </div>
   <div class='ocr_carea' id='block_1_2' title="bbox 262 801 1395 4413">
    <p class='ocr_par' dir='ltr' id='par_1_2' title="bbox 272 801 1395 1551">
     <span class='ocr_line' id='line_1_2' title="bbox 275 801 1390 886; baseline 0 -20"><span class='ocrx_word' id='word_1_8' title='bbox 275 803 332 866; x_wconf 80' lang='lat' dir='ltr'>tui</span> <span class='ocrx_word' id='word_1_9' title='bbox 353 821 375 866; x_wconf 89' lang='lat' dir='ltr'>a</span> <span class='ocrx_word' id='word_1_10' title='bbox 397 801 547 867; x_wconf 85' lang='lat' dir='ltr'>Domino</span> <span class='ocrx_word' id='word_1_11' title='bbox 568 818 630 885; x_wconf 88' lang='lat' dir='ltr'>per</span> <span class='ocrx_word' id='word_1_12' title='bbox 650 802 791 884; x_wconf 84' lang='lat' dir='ltr'>spiritus</span> <span class='ocrx_word' id='word_1_13' title='bbox 810 801 871 886; x_wconf 86' lang='lat' dir='ltr'>qni</span> <span class='ocrx_word' id='word_1_14' title='bbox 950 802 1079 868; x_wconf 76' lang='lat' dir='ltr'>neruda</span> <span class='ocrx_word' id='word_1_15' title='bbox 1101 803 1279 886; x_wconf 72' lang='lat' dir='ltr'>spirituum</span> <span class='ocrx_word' id='word_1_16' title='bbox 1302 813 1390 880; x_wconf 76' lang='lat' dir='ltr'>sunt</span> 
     </span>
     <span class='ocr_line' id='line_1_3' title="bbox 275 897 1391 980; baseline 0 -20"><span class='ocrx_word' id='word_1_17' title='bbox 275 898 318 960; x_wconf 90' lang='lat' dir='ltr'>de</span> <span class='ocrx_word' id='word_1_18' title='bbox 337 917 404 980; x_wconf 86' lang='lat' dir='ltr'>qua</span> <span class='ocrx_word' id='word_1_19' title='bbox 423 917 458 962; x_wconf 86' lang='lat' dir='ltr'>re</span> <span class='ocrx_word' id='word_1_20' title='bbox 477 897 565 964; x_wconf 80' lang='lat' dir='ltr'>inira</span> <span class='ocrx_word' id='word_1_21' title='bbox 580 899 697 962; x_wconf 83' lang='lat' dir='ltr'>insuo</span> <span class='ocrx_word' id='word_1_22' title='bbox 709 899 859 962; x_wconf 86' lang='lat' dir='ltr'>articulo</span> <span class='ocrx_word' id='word_1_23' title='bbox 871 898 1047 980; x_wconf 80' lang='lat' dir='ltr'>agendum</span> <span class='ocrx_word' id='word_1_24' title='bbox 1066 907 1131 962; x_wconf 89' lang='lat' dir='ltr'>est.</span> <span class='ocrx_word' id='word_1_25' title='bbox 1176 898 1262 960; x_wconf 85' lang='lat' dir='ltr'>Tale</span> <span class='ocrx_word' id='word_1_26' title='bbox 1278 897 1391 980; x_wconf 86' lang='lat' dir='ltr'>aequi·</span> 
     </span>
     <span class='ocr_line' id='line_1_4' title="bbox 275 993 1395 1074; baseline 0.002 -18"><span class='ocrx_word' id='word_1_27' title='bbox 275 993 408 1056; x_wconf 90' lang='lat' dir='ltr'>librium</span> <span class='ocrx_word' id='word_1_28' title='bbox 425 1013 495 1056; x_wconf 92' lang='lat' dir='ltr'>non</span> <span class='ocrx_word' id='word_1_29' title='bbox 511 993 583 1056; x_wconf 89' lang='lat' dir='ltr'>dari</span> <span class='ocrx_word' id='word_1_30' title='bbox 601 1001 727 1074; x_wconf 81' lang='lat' dir='ltr'>potest,</span> <span class='ocrx_word' id='word_1_31' title='bbox 741 994 805 1059; x_wconf 86' lang='lat' dir='ltr'>nisi</span> <span class='ocrx_word' id='word_1_32' title='bbox 821 993 991 1056; x_wconf 79' lang='lat' dir='ltr'>Dominus</span> <span class='ocrx_word' id='word_1_33' title='bbox 1006 1003 1106 1074; x_wconf 84' lang='lat' dir='ltr'>regat</span> <span class='ocrx_word' id='word_1_34' title='bbox 1122 1001 1302 1074; x_wconf 87' lang='lat' dir='ltr'>utrumque</span> <span class='ocrx_word' id='word_1_35' title='bbox 1321 1003 1395 1058; x_wconf 77' lang='lat' dir='ltr'>tam</span> 
     </span>
     <span class='ocr_line' id='line_1_5' title="bbox 274 1086 1395 1170; baseline -0.001 -20"><span class='ocrx_word' id='word_1_36' title='bbox 274 1087 408 1152; x_wconf 79' lang='lat' dir='ltr'>caelunn</span> <span class='ocrx_word' id='word_1_37' title='bbox 432 1107 534 1170; x_wconf 83' lang='lat' dir='ltr'>quam</span> <span class='ocrx_word' id='word_1_38' title='bbox 552 1086 736 1160; x_wconf 78' lang='lat' dir='ltr'>infernum,</span> <span class='ocrx_word' id='word_1_39' title='bbox 757 1108 801 1151; x_wconf 87' lang='lat' dir='ltr'>ac</span> <span class='ocrx_word' id='word_1_40' title='bbox 831 1089 992 1170; x_wconf 86' lang='lat' dir='ltr'>utrinque</span> <span class='ocrx_word' id='word_1_41' title='bbox 1014 1087 1234 1165; x_wconf 58' lang='lat' dir='ltr'>moderatum</span> <span class='ocrx_word' id='word_1_42' title='bbox 1269 1086 1395 1169; x_wconf 76' lang='lat' dir='ltr'>alioqui</span> 
     </span>
     <span class='ocr_line' id='line_1_6' title="bbox 272 1181 1395 1265; baseline -0.002 -19"><span class='ocrx_word' id='word_1_43' title='bbox 272 1182 361 1246; x_wconf 79' lang='lat' dir='ltr'>falsa</span> <span class='ocrx_word' id='word_1_44' title='bbox 393 1203 439 1246; x_wconf 85' lang='lat' dir='ltr'>ex</span> <span class='ocrx_word' id='word_1_45' title='bbox 470 1182 564 1246; x_wconf 81' lang='lat' dir='ltr'>malo</span> <span class='ocrx_word' id='word_1_46' title='bbox 593 1183 923 1265; x_wconf 68' lang='lat' dir='ltr'>suptrabundarent¹</span> <span class='ocrx_word' id='word_1_47' title='bbox 945 1193 985 1246; x_wconf 86' lang='lat' dir='ltr'>et</span> <span class='ocrx_word' id='word_1_48' title='bbox 1011 1181 1191 1246; x_wconf 83' lang='lat' dir='ltr'>afficerent</span> <span class='ocrx_word' id='word_1_49' title='bbox 1221 1181 1395 1264; x_wconf 73' lang='lat' dir='ltr'>simplices</span> 
     </span>
     <span class='ocr_line' id='line_1_7' title="bbox 274 1277 1393 1362; baseline -0.001 -21"><span class='ocrx_word' id='word_1_50' title='bbox 274 1279 385 1342; x_wconf 92' lang='lat' dir='ltr'>bonos</span> <span class='ocrx_word' id='word_1_51' title='bbox 403 1279 459 1362; x_wconf 91' lang='lat' dir='ltr'>qui</span> <span class='ocrx_word' id='word_1_52' title='bbox 477 1279 512 1341; x_wconf 92' lang='lat' dir='ltr'>in</span> <span class='ocrx_word' id='word_1_53' title='bbox 530 1277 660 1342; x_wconf 85' lang='lat' dir='ltr'><strong>ultimis</strong></span> <span class='ocrx_word' id='word_1_54' title='bbox 678 1277 765 1342; x_wconf 86' lang='lat' dir='ltr'>caeli</span> <span class='ocrx_word' id='word_1_55' title='bbox 785 1287 877 1352; x_wconf 81' lang='lat' dir='ltr'>sunt,</span> <span class='ocrx_word' id='word_1_56' title='bbox 896 1279 953 1362; x_wconf 88' lang='lat' dir='ltr'>qui</span> <span class='ocrx_word' id='word_1_57' title='bbox 971 1277 1103 1344; x_wconf 71' lang='lat' dir='ltr'>acilius</span> <span class='ocrx_word' id='word_1_58' title='bbox 1122 1278 1272 1360; x_wconf 78' lang='lat' dir='ltr'>perverti</span> <span class='ocrx_word' id='word_1_59' title='bbox 1289 1295 1393 1360; x_wconf 89' lang='lat' dir='ltr'>quam</span> 
     </span>
     <span class='ocr_line' id='line_1_8' title="bbox 274 1373 1393 1456; baseline 0.001 -21"><span class='ocrx_word' id='word_1_60' title='bbox 274 1375 338 1455; x_wconf 88' lang='lat' dir='ltr'>ipsi</span> <span class='ocrx_word' id='word_1_61' title='bbox 362 1373 481 1456; x_wconf 78' lang='lat' dir='ltr'><strong>angeli</strong></span> <span class='ocrx_word' id='word_1_62' title='bbox 502 1383 659 1454; x_wconf 83' lang='lat' dir='ltr'>possunt,</span> <span class='ocrx_word' id='word_1_63' title='bbox 683 1384 720 1438; x_wconf 92' lang='lat' dir='ltr'>et</span> <span class='ocrx_word' id='word_1_64' title='bbox 749 1375 798 1438; x_wconf 87' lang='lat' dir='ltr'>sic</span> <span class='ocrx_word' id='word_1_65' title='bbox 828 1375 955 1456; x_wconf 86' lang='lat' dir='ltr'>periret</span> <span class='ocrx_word' id='word_1_66' title='bbox 978 1373 1225 1456; x_wconf 81' lang='lat' dir='ltr'>aequilibrium,</span> <span class='ocrx_word' id='word_1_67' title='bbox 1249 1382 1286 1436; x_wconf 90' lang='lat' dir='ltr'>et</span> <span class='ocrx_word' id='word_1_68' title='bbox 1317 1389 1393 1436; x_wconf 87' lang='lat' dir='ltr'>cum</span> 
     </span>
     <span class='ocr_line' id='line_1_9' title="bbox 273 1468 933 1551; baseline -0.002 -19"><span class='ocrx_word' id='word_1_69' title='bbox 273 1469 474 1551; x_wconf 74' lang='lat' dir='ltr'>aequilibrio</span> <span class='ocrx_word' id='word_1_70' title='bbox 493 1468 636 1532; x_wconf 85' lang='lat' dir='ltr'>liberum</span> <span class='ocrx_word' id='word_1_71' title='bbox 654 1468 746 1550; x_wconf 88' lang='lat' dir='ltr'>apud</span> <span class='ocrx_word' id='word_1_72' title='bbox 765 1468 933 1533; x_wconf 86' lang='lat' dir='ltr'>homines.</span> 
     </span>
    </p>

    <p class='ocr_par' dir='ltr' id='par_1_3' title="bbox 262 1559 1395 2882">
     <span class='ocr_line' id='line_1_10' title="bbox 336 1559 1394 1648; baseline 0 -22"><span class='ocrx_word' id='word_1_73' title='bbox 336 1577 434 1648; x_wconf 70' lang='lat'>541.</span> <span class='ocrx_word' id='word_1_74' title='bbox 464 1563 636 1626; x_wconf 84' lang='lat' dir='ltr'>Infernum</span> <span class='ocrx_word' id='word_1_75' title='bbox 659 1564 819 1628; x_wconf 91' lang='lat' dir='ltr'>similiter</span> <span class='ocrx_word' id='word_1_76' title='bbox 847 1565 881 1628; x_wconf 84' lang='lat' dir='ltr'>in</span> <span class='ocrx_word' id='word_1_77' title='bbox 903 1565 1093 1628; x_wconf 78' lang='lat' dir='ltr'>societates</span> <span class='ocrx_word' id='word_1_78' title='bbox 1111 1559 1324 1627; x_wconf 72' lang='lat' dir='ltr'>distinctum.</span> <span class='ocrx_word' id='word_1_79' title='bbox 1340 1571 1394 1626; x_wconf 86' lang='lat' dir='ltr'>est</span> 
     </span>
     <span class='ocr_line' id='line_1_11' title="bbox 274 1657 1392 1742; baseline -0.002 -20"><span class='ocrx_word' id='word_1_80' title='bbox 274 1669 375 1742; x_wconf 90' lang='lat' dir='ltr'>prout</span> <span class='ocrx_word' id='word_1_81' title='bbox 390 1658 536 1734; x_wconf 84' lang='lat' dir='ltr'>caelum,</span> <span class='ocrx_word' id='word_1_82' title='bbox 553 1669 589 1722; x_wconf 90' lang='lat' dir='ltr'>et</span> <span class='ocrx_word' id='word_1_83' title='bbox 604 1679 740 1742; x_wconf 91' lang='lat' dir='ltr'>quoque</span> <span class='ocrx_word' id='word_1_84' title='bbox 759 1661 792 1722; x_wconf 94' lang='lat' dir='ltr'>in</span> <span class='ocrx_word' id='word_1_85' title='bbox 808 1669 864 1723; x_wconf 85' lang='lat' dir='ltr'>tot</span> <span class='ocrx_word' id='word_1_86' title='bbox 880 1661 1070 1723; x_wconf 79' lang='lat' dir='ltr'>societates</span> <span class='ocrx_word' id='word_1_87' title='bbox 1086 1661 1119 1722; x_wconf 91' lang='lat' dir='ltr'>in</span> <span class='ocrx_word' id='word_1_88' title='bbox 1136 1669 1221 1740; x_wconf 89' lang='lat' dir='ltr'>quot</span> <span class='ocrx_word' id='word_1_89' title='bbox 1236 1657 1371 1721; x_wconf 89' lang='lat' dir='ltr'>caelum</span> <span class='ocrx_word' id='word_1_90' title='bbox 1385 1679 1392 1735; x_wconf 89' lang='lat'><strong>;</strong></span> 
     </span>
     <span class='ocr_line' id='line_1_12' title="bbox 274 1754 1393 1837; baseline 0.002 -21"><span class='ocrx_word' id='word_1_91' title='bbox 274 1773 354 1818; x_wconf 85' lang='lat' dir='ltr'>nam</span> <span class='ocrx_word' id='word_1_92' title='bbox 383 1755 592 1836; x_wconf 88' lang='lat' dir='ltr'>unaquaevis</span> <span class='ocrx_word' id='word_1_93' title='bbox 610 1756 762 1819; x_wconf 84' lang='lat' dir='ltr'>societas</span> <span class='ocrx_word' id='word_1_94' title='bbox 789 1755 824 1817; x_wconf 91' lang='lat' dir='ltr'>in</span> <span class='ocrx_word' id='word_1_95' title='bbox 852 1754 952 1818; x_wconf 90' lang='lat' dir='ltr'>caelo</span> <span class='ocrx_word' id='word_1_96' title='bbox 974 1754 1039 1819; x_wconf 87' lang='lat' dir='ltr'>sibi</span> <span class='ocrx_word' id='word_1_97' title='bbox 1067 1755 1264 1837; x_wconf 86' lang='lat' dir='ltr'>oppositam</span> <span class='ocrx_word' id='word_1_98' title='bbox 1288 1754 1393 1819; x_wconf 88' lang='lat' dir='ltr'>habet</span> 
     </span>
     <span class='ocr_line' id='line_1_13' title="bbox 273 1847 1392 1932; baseline 0 -20"><span class='ocrx_word' id='word_1_99' title='bbox 273 1850 477 1913; x_wconf 88' lang='lat' dir='ltr'>societatem</span> <span class='ocrx_word' id='word_1_100' title='bbox 501 1849 534 1911; x_wconf 92' lang='lat' dir='ltr'>in</span> <span class='ocrx_word' id='word_1_101' title='bbox 558 1849 698 1924; x_wconf 79' lang='lat' dir='ltr'>inferno,</span> <span class='ocrx_word' id='word_1_102' title='bbox 719 1859 755 1913; x_wconf 91' lang='lat' dir='ltr'>et</span> <span class='ocrx_word' id='word_1_103' title='bbox 778 1849 844 1913; x_wconf 89' lang='lat' dir='ltr'>hoc</span> <span class='ocrx_word' id='word_1_104' title='bbox 869 1860 1010 1932; x_wconf 90' lang='lat' dir='ltr'>propter</span> <span class='ocrx_word' id='word_1_105' title='bbox 1032 1849 1280 1932; x_wconf 85' lang='lat' dir='ltr'>aequilibrium.</span> <span class='ocrx_word' id='word_1_106' title='bbox 1323 1847 1392 1912; x_wconf 85' lang='lat' dir='ltr'>Sed</span> 
     </span>
     <span class='ocr_line' id='line_1_14' title="bbox 273 1943 1394 2011; baseline 0.001 -5"><span class='ocrx_word' id='word_1_107' title='bbox 273 1945 461 2009; x_wconf 79' lang='lat' dir='ltr'>societates</span> <span class='ocrx_word' id='word_1_108' title='bbox 490 1945 523 2006; x_wconf 89' lang='lat' dir='ltr'>in</span> <span class='ocrx_word' id='word_1_109' title='bbox 553 1943 686 2008; x_wconf 76' lang='lat' dir='ltr'>inferno</span> <span class='ocrx_word' id='word_1_110' title='bbox 708 1943 891 2010; x_wconf 63' lang='lat' dir='ltr'>distinctae</span> <span class='ocrx_word' id='word_1_111' title='bbox 914 1955 994 2008; x_wconf 89' lang='lat' dir='ltr'>sunt</span> <span class='ocrx_word' id='word_1_112' title='bbox 1015 1945 1207 2008; x_wconf 55' lang='lat' dir='ltr'>&amp;eundum</span> <span class='ocrx_word' id='word_1_113' title='bbox 1235 1943 1329 2011; x_wconf 71' lang='lat' dir='ltr'>naula</span> <span class='ocrx_word' id='word_1_114' title='bbox 1359 1954 1394 2008; x_wconf 92' lang='lat' dir='ltr'>et</span> 
     </span>
     <span class='ocr_line' id='line_1_15' title="bbox 271 2038 1392 2122; baseline -0.001 -19"><span class='ocrx_word' id='word_1_115' title='bbox 271 2041 353 2104; x_wconf 90' lang='lat' dir='ltr'>inde</span> <span class='ocrx_word' id='word_1_116' title='bbox 371 2039 467 2116; x_wconf 84' lang='lat' dir='ltr'>salsa,</span> <span class='ocrx_word' id='word_1_117' title='bbox 487 2041 565 2122; x_wconf 90' lang='lat' dir='ltr'>quia</span> <span class='ocrx_word' id='word_1_118' title='bbox 583 2041 771 2104; x_wconf 86' lang='lat' dir='ltr'>societates</span> <span class='ocrx_word' id='word_1_119' title='bbox 792 2041 826 2104; x_wconf 89' lang='lat' dir='ltr'>in</span> <span class='ocrx_word' id='word_1_120' title='bbox 850 2039 949 2106; x_wconf 88' lang='lat' dir='ltr'>caelo</span> <span class='ocrx_word' id='word_1_121' title='bbox 968 2051 1048 2104; x_wconf 89' lang='lat' dir='ltr'>sunt</span> <span class='ocrx_word' id='word_1_122' title='bbox 1067 2038 1251 2104; x_wconf 70' lang='lat' dir='ltr'>distinctae</span> <span class='ocrx_word' id='word_1_123' title='bbox 1269 2059 1392 2102; x_wconf 87' lang='lat' dir='ltr'>secun·</span> 
     </span>
     <span class='ocr_line' id='line_1_16' title="bbox 273 2135 1392 2217; baseline -0.001 -18"><span class='ocrx_word' id='word_1_124' title='bbox 273 2137 354 2199; x_wconf 91' lang='lat' dir='ltr'>dum</span> <span class='ocrx_word' id='word_1_125' title='bbox 373 2135 465 2199; x_wconf 88' lang='lat' dir='ltr'>bona</span> <span class='ocrx_word' id='word_1_126' title='bbox 481 2145 516 2200; x_wconf 92' lang='lat' dir='ltr'>et</span> <span class='ocrx_word' id='word_1_127' title='bbox 536 2135 615 2198; x_wconf 85' lang='lat' dir='ltr'>inde</span> <span class='ocrx_word' id='word_1_128' title='bbox 634 2155 725 2200; x_wconf 82' lang='lat' dir='ltr'>vera.</span> <span class='ocrx_word' id='word_1_129' title='bbox 773 2135 876 2217; x_wconf 83' lang='lat' dir='ltr'>Quod</span> <span class='ocrx_word' id='word_1_130' title='bbox 894 2137 1061 2202; x_wconf 76' lang='lat' dir='ltr'>unicuivis</span> <span class='ocrx_word' id='word_1_131' title='bbox 1077 2136 1170 2198; x_wconf 92' lang='lat' dir='ltr'>bono</span> <span class='ocrx_word' id='word_1_132' title='bbox 1188 2136 1233 2200; x_wconf 86' lang='lat' dir='ltr'>sit</span> <span class='ocrx_word' id='word_1_133' title='bbox 1251 2137 1392 2217; x_wconf 82' lang='lat' dir='ltr'>opposi-</span> 
     </span>
     <span class='ocr_line' id='line_1_17' title="bbox 273 2231 1391 2315; baseline -0.002 -19"><span class='ocrx_word' id='word_1_134' title='bbox 273 2243 347 2296; x_wconf 83' lang='lat' dir='ltr'>tum</span> <span class='ocrx_word' id='word_1_135' title='bbox 366 2231 506 2305; x_wconf 87' lang='lat' dir='ltr'>malum,</span> <span class='ocrx_word' id='word_1_136' title='bbox 526 2239 563 2294; x_wconf 90' lang='lat' dir='ltr'>et</span> <span class='ocrx_word' id='word_1_137' title='bbox 584 2232 753 2295; x_wconf 83' lang='lat' dir='ltr'>unicuivis</span> <span class='ocrx_word' id='word_1_138' title='bbox 774 2253 857 2296; x_wconf 82' lang='lat' dir='ltr'>vero</span> <span class='ocrx_word' id='word_1_139' title='bbox 878 2233 924 2297; x_wconf 85' lang='lat' dir='ltr'>sit</span> <span class='ocrx_word' id='word_1_140' title='bbox 947 2233 1144 2315; x_wconf 79' lang='lat' dir='ltr'>oppositum</span> <span class='ocrx_word' id='word_1_141' title='bbox 1156 2231 1293 2306; x_wconf 76' lang='lat' dir='ltr'>ialsum,</span> <span class='ocrx_word' id='word_1_142' title='bbox 1307 2233 1391 2295; x_wconf 43' lang='lat' dir='ltr'>*sciri</span> 
     </span>
     <span class='ocr_line' id='line_1_18' title="bbox 272 2327 1394 2411; baseline -0.001 -20"><span class='ocrx_word' id='word_1_143' title='bbox 272 2337 390 2411; x_wconf 85' lang='lat' dir='ltr'>potest</span> <span class='ocrx_word' id='word_1_144' title='bbox 420 2347 465 2390; x_wconf 80' lang='lat' dir='ltr'>ex</span> <span class='ocrx_word' id='word_1_145' title='bbox 494 2347 548 2402; x_wconf 83' lang='lat' dir='ltr'>eo,</span> <span class='ocrx_word' id='word_1_146' title='bbox 568 2327 660 2409; x_wconf 88' lang='lat' dir='ltr'>quod</span> <span class='ocrx_word' id='word_1_147' title='bbox 690 2347 759 2391; x_wconf 91' lang='lat' dir='ltr'>non</span> <span class='ocrx_word' id='word_1_148' title='bbox 789 2329 834 2392; x_wconf 90' lang='lat' dir='ltr'>sit</span> <span class='ocrx_word' id='word_1_149' title='bbox 857 2328 984 2411; x_wconf 89' lang='lat' dir='ltr'>aliquid</span> <span class='ocrx_word' id='word_1_150' title='bbox 1002 2327 1132 2410; x_wconf 87' lang='lat' dir='ltr'>absque</span> <span class='ocrx_word' id='word_1_151' title='bbox 1155 2327 1322 2391; x_wconf 85' lang='lat' dir='ltr'>relatione</span> <span class='ocrx_word' id='word_1_152' title='bbox 1348 2328 1394 2392; x_wconf 90' lang='lat' dir='ltr'>ad</span> 
     </span>
     <span class='ocr_line' id='line_1_19' title="bbox 271 2422 1393 2506; baseline 0 -20"><span class='ocrx_word' id='word_1_153' title='bbox 271 2441 370 2486; x_wconf 89' lang='lat' dir='ltr'>suurn</span> <span class='ocrx_word' id='word_1_154' title='bbox 388 2423 597 2504; x_wconf 89' lang='lat' dir='ltr'>oppositum,</span> <span class='ocrx_word' id='word_1_155' title='bbox 614 2431 650 2486; x_wconf 91' lang='lat' dir='ltr'>et</span> <span class='ocrx_word' id='word_1_156' title='bbox 669 2423 761 2506; x_wconf 92' lang='lat' dir='ltr'>quod</span> <span class='ocrx_word' id='word_1_157' title='bbox 780 2443 826 2486; x_wconf 83' lang='lat' dir='ltr'>ex</span> <span class='ocrx_word' id='word_1_158' title='bbox 846 2425 1010 2506; x_wconf 87' lang='lat' dir='ltr'>opposito</span> <span class='ocrx_word' id='word_1_159' title='bbox 1026 2433 1188 2486; x_wconf 85' lang='lat' dir='ltr'>noscatur</span> <span class='ocrx_word' id='word_1_160' title='bbox 1206 2422 1306 2505; x_wconf 89' lang='lat' dir='ltr'>quale</span> <span class='ocrx_word' id='word_1_161' title='bbox 1324 2435 1393 2498; x_wconf 86' lang='lat' dir='ltr'>est,</span> 
     </span>
     <span class='ocr_line' id='line_1_20' title="bbox 272 2517 1395 2600; baseline -0.002 -18"><span class='ocrx_word' id='word_1_162' title='bbox 272 2528 308 2582; x_wconf 88' lang='lat' dir='ltr'>et</span> <span class='ocrx_word' id='word_1_163' title='bbox 326 2519 448 2600; x_wconf 90' lang='lat' dir='ltr'>inquo</span> <span class='ocrx_word' id='word_1_164' title='bbox 466 2518 586 2598; x_wconf 84' lang='lat' dir='ltr'>gradu,</span> <span class='ocrx_word' id='word_1_165' title='bbox 604 2527 639 2580; x_wconf 92' lang='lat' dir='ltr'>et</span> <span class='ocrx_word' id='word_1_166' title='bbox 659 2519 750 2600; x_wconf 91' lang='lat' dir='ltr'>quod</span> <span class='ocrx_word' id='word_1_167' title='bbox 770 2517 850 2582; x_wconf 92' lang='lat' dir='ltr'>inde</span> <span class='ocrx_word' id='word_1_168' title='bbox 869 2521 915 2582; x_wconf 91' lang='lat' dir='ltr'>sit</span> <span class='ocrx_word' id='word_1_169' title='bbox 934 2520 1046 2586; x_wconf 89' lang='lat' dir='ltr'>omnis</span> <span class='ocrx_word' id='word_1_170' title='bbox 1065 2519 1241 2600; x_wconf 79' lang='lat' dir='ltr'>perceptio</span> <span class='ocrx_word' id='word_1_171' title='bbox 1258 2529 1296 2580; x_wconf 83' lang='lat' dir='ltr'>et</span> <span class='ocrx_word' id='word_1_172' title='bbox 1314 2538 1395 2580; x_wconf 85' lang='lat' dir='ltr'>sen-</span> 
     </span>
     <span class='ocr_line' id='line_1_21' title="bbox 271 2611 1393 2695; baseline -0.001 -18"><span class='ocrx_word' id='word_1_173' title='bbox 271 2615 371 2678; x_wconf 87' lang='lat' dir='ltr'>satio.</span> <span class='ocrx_word' id='word_1_174' title='bbox 416 2611 530 2692; x_wconf 85' lang='lat' dir='ltr'>Quare</span> <span class='ocrx_word' id='word_1_175' title='bbox 547 2611 715 2675; x_wconf 88' lang='lat' dir='ltr'>Dominus</span> <span class='ocrx_word' id='word_1_176' title='bbox 727 2613 855 2695; x_wconf 87' lang='lat' dir='ltr'>jugiter</span> <span class='ocrx_word' id='word_1_177' title='bbox 872 2615 1041 2695; x_wconf 81' lang='lat' dir='ltr'>providet,</span> <span class='ocrx_word' id='word_1_178' title='bbox 1058 2624 1096 2676; x_wconf 92' lang='lat' dir='ltr'>ut</span> <span class='ocrx_word' id='word_1_179' title='bbox 1115 2614 1227 2676; x_wconf 87' lang='lat' dir='ltr'>omnis</span> <span class='ocrx_word' id='word_1_180' title='bbox 1243 2614 1393 2676; x_wconf 79' lang='lat' dir='ltr'>societas</span> 
     </span>
     <span class='ocr_line' id='line_1_22' title="bbox 269 2707 1391 2791; baseline -0.001 -18"><span class='ocrx_word' id='word_1_181' title='bbox 269 2709 357 2774; x_wconf 85' lang='lat' dir='ltr'>caeli</span> <span class='ocrx_word' id='word_1_182' title='bbox 376 2727 473 2774; x_wconf 84' lang='lat' dir='ltr'>suum</span> <span class='ocrx_word' id='word_1_183' title='bbox 491 2709 688 2788; x_wconf 86' lang='lat' dir='ltr'>oppositum</span> <span class='ocrx_word' id='word_1_184' title='bbox 708 2707 837 2772; x_wconf 87' lang='lat' dir='ltr'>lrabeat</span> <span class='ocrx_word' id='word_1_185' title='bbox 850 2710 889 2772; x_wconf 90' lang='lat' dir='ltr'>in</span> <span class='ocrx_word' id='word_1_186' title='bbox 907 2710 1076 2789; x_wconf 81' lang='lat' dir='ltr'>societate</span> <span class='ocrx_word' id='word_1_187' title='bbox 1093 2707 1226 2784; x_wconf 83' lang='lat' dir='ltr'>inferni,</span> <span class='ocrx_word' id='word_1_188' title='bbox 1244 2718 1281 2772; x_wconf 89' lang='lat' dir='ltr'>et</span> <span class='ocrx_word' id='word_1_189' title='bbox 1300 2709 1391 2791; x_wconf 87' lang='lat' dir='ltr'>quod</span> 
     </span>
     <span class='ocr_line' id='line_1_23' title="bbox 262 2801 783 2882; baseline 0 -16"><span class='ocrx_word' id='word_1_190' title='bbox 262 2805 358 2868; x_wconf 88' lang='lat' dir='ltr'>inter</span> <span class='ocrx_word' id='word_1_191' title='bbox 376 2803 454 2866; x_wconf 87' lang='lat' dir='ltr'>illas</span> <span class='ocrx_word' id='word_1_192' title='bbox 473 2801 708 2882; x_wconf 83' lang='lat' dir='ltr'>aequilibrium</span> <span class='ocrx_word' id='word_1_193' title='bbox 727 2805 783 2866; x_wconf 90' lang='lat' dir='ltr'>sit.</span> 
     </span>
    </p>

    <p class='ocr_par' dir='ltr' id='par_1_4' title="bbox 265 2894 1392 3744">
     <span class='ocr_line' id='line_1_24' title="bbox 333 2894 1389 2980; baseline 0.002 -20"><span class='ocrx_word' id='word_1_194' title='bbox 333 2913 430 2980; x_wconf 68' lang='lat'>540.</span> <span class='ocrx_word' id='word_1_195' title='bbox 460 2896 550 2978; x_wconf 89' lang='lat' dir='ltr'>Quia</span> <span class='ocrx_word' id='word_1_196' title='bbox 569 2896 735 2960; x_wconf 78' lang='lat' dir='ltr'>infernum</span> <span class='ocrx_word' id='word_1_197' title='bbox 758 2899 792 2961; x_wconf 89' lang='lat' dir='ltr'>in</span> <span class='ocrx_word' id='word_1_198' title='bbox 812 2907 871 2962; x_wconf 87' lang='lat' dir='ltr'>tot</span> <span class='ocrx_word' id='word_1_199' title='bbox 891 2899 1082 2961; x_wconf 85' lang='lat' dir='ltr'>societates</span> <span class='ocrx_word' id='word_1_200' title='bbox 1100 2894 1300 2962; x_wconf 68' lang='lat' dir='ltr'>distinBcum</span> <span class='ocrx_word' id='word_1_201' title='bbox 1323 2906 1389 2972; x_wconf 85' lang='lat' dir='ltr'>est,</span> 
     </span>
     <span class='ocr_line' id='line_1_25' title="bbox 271 2991 1390 3076; baseline 0.001 -19"><span class='ocrx_word' id='word_1_202' title='bbox 271 2997 304 3058; x_wconf 90' lang='lat' dir='ltr'>in</span> <span class='ocrx_word' id='word_1_203' title='bbox 333 3003 418 3076; x_wconf 88' lang='lat' dir='ltr'>quot</span> <span class='ocrx_word' id='word_1_204' title='bbox 442 2991 586 3066; x_wconf 90' lang='lat' dir='ltr'>caelum,</span> <span class='ocrx_word' id='word_1_205' title='bbox 610 2993 691 3056; x_wconf 88' lang='lat' dir='ltr'>ideo</span> <span class='ocrx_word' id='word_1_206' title='bbox 713 3013 848 3076; x_wconf 88' lang='lat' dir='ltr'>quoque</span> <span class='ocrx_word' id='word_1_207' title='bbox 874 2994 1024 3058; x_wconf 84' lang='lat' dir='ltr'>totidem</span> <span class='ocrx_word' id='word_1_208' title='bbox 1049 2993 1180 3056; x_wconf 78' lang='lat' dir='ltr'>inferna</span> <span class='ocrx_word' id='word_1_209' title='bbox 1201 3004 1282 3056; x_wconf 86' lang='lat' dir='ltr'>sunt</span> <span class='ocrx_word' id='word_1_210' title='bbox 1306 3004 1390 3075; x_wconf 83' lang='lat' dir='ltr'>quot</span> 
     </span>
     <span class='ocr_line' id='line_1_26' title="bbox 270 3088 1391 3171; baseline -0.001 -18"><span class='ocrx_word' id='word_1_211' title='bbox 270 3089 457 3153; x_wconf 84' lang='lat' dir='ltr'>societates</span> <span class='ocrx_word' id='word_1_212' title='bbox 488 3088 587 3162; x_wconf 89' lang='lat' dir='ltr'>caeli,</span> <span class='ocrx_word' id='word_1_213' title='bbox 616 3107 695 3152; x_wconf 89' lang='lat' dir='ltr'>nam</span> <span class='ocrx_word' id='word_1_214' title='bbox 726 3091 936 3171; x_wconf 84' lang='lat' dir='ltr'>unaquaevis</span> <span class='ocrx_word' id='word_1_215' title='bbox 968 3090 1120 3152; x_wconf 86' lang='lat' dir='ltr'>societas</span> <span class='ocrx_word' id='word_1_216' title='bbox 1154 3088 1241 3152; x_wconf 85' lang='lat' dir='ltr'>caeli</span> <span class='ocrx_word' id='word_1_217' title='bbox 1271 3099 1325 3151; x_wconf 87' lang='lat' dir='ltr'>est</span> <span class='ocrx_word' id='word_1_218' title='bbox 1355 3090 1391 3152; x_wconf 90' lang='lat' dir='ltr'>in</span> 
     </span>
     <span class='ocr_line' id='line_1_27' title="bbox 270 3181 1390 3266; baseline -0.001 -18"><span class='ocrx_word' id='word_1_219' title='bbox 270 3187 402 3248; x_wconf 89' lang='lat' dir='ltr'>minore</span> <span class='ocrx_word' id='word_1_220' title='bbox 412 3184 519 3247; x_wconf 83' lang='lat' dir='ltr'>forma</span> <span class='ocrx_word' id='word_1_221' title='bbox 529 3181 661 3246; x_wconf 89' lang='lat' dir='ltr'>caelum</span> <span class='ocrx_word' id='word_1_222' title='bbox 672 3182 846 3266; x_wconf 78' lang='lat' dir='ltr'>(videatur</span> <span class='ocrx_word' id='word_1_223' title='bbox 857 3203 958 3265; x_wconf 84' lang='lat' dir='ltr'>supra</span> <span class='ocrx_word' id='word_1_224' title='bbox 970 3203 1003 3246; x_wconf 87' lang='lat' dir='ltr'>n.</span> <span class='ocrx_word' id='word_1_225' title='bbox 1017 3182 1148 3264; x_wconf 82' lang='lat'>51-58)‚</span> <span class='ocrx_word' id='word_1_226' title='bbox 1157 3184 1207 3246; x_wconf 87' lang='lat' dir='ltr'>ita</span> <span class='ocrx_word' id='word_1_227' title='bbox 1216 3203 1390 3265; x_wconf 82' lang='lat' dir='ltr'>unaquae-</span> 
     </span>
     <span class='ocr_line' id='line_1_28' title="bbox 269 3275 1391 3358; baseline 0 -16"><span class='ocrx_word' id='word_1_228' title='bbox 269 3282 320 3342; x_wconf 87' lang='lat' dir='ltr'>vls</span> <span class='ocrx_word' id='word_1_229' title='bbox 343 3281 494 3343; x_wconf 89' lang='lat' dir='ltr'>societas</span> <span class='ocrx_word' id='word_1_230' title='bbox 514 3277 634 3342; x_wconf 81' lang='lat' dir='ltr'>inferni</span> <span class='ocrx_word' id='word_1_231' title='bbox 657 3289 711 3342; x_wconf 90' lang='lat' dir='ltr'>est</span> <span class='ocrx_word' id='word_1_232' title='bbox 734 3280 769 3342; x_wconf 89' lang='lat' dir='ltr'>in</span> <span class='ocrx_word' id='word_1_233' title='bbox 794 3280 925 3342; x_wconf 86' lang='lat' dir='ltr'>minore</span> <span class='ocrx_word' id='word_1_234' title='bbox 948 3279 1057 3342; x_wconf 80' lang='lat' dir='ltr'>forma</span> <span class='ocrx_word' id='word_1_235' title='bbox 1078 3277 1256 3340; x_wconf 79' lang='lat' dir='ltr'>infernum.</span> <span class='ocrx_word' id='word_1_236' title='bbox 1302 3275 1391 3358; x_wconf 79' lang='lat' dir='ltr'>Quia</span> 
     </span>
     <span class='ocr_line' id='line_1_29' title="bbox 268 3373 1391 3457; baseline -0.001 -18"><span class='ocrx_word' id='word_1_237' title='bbox 268 3377 302 3439; x_wconf 84' lang='lat' dir='ltr'>in</span> <span class='ocrx_word' id='word_1_238' title='bbox 319 3391 446 3457; x_wconf 83' lang='lat' dir='ltr'>genere</span> <span class='ocrx_word' id='word_1_239' title='bbox 459 3385 530 3438; x_wconf 86' lang='lat' dir='ltr'>tres</span> <span class='ocrx_word' id='word_1_240' title='bbox 543 3373 630 3437; x_wconf 87' lang='lat' dir='ltr'>caeli</span> <span class='ocrx_word' id='word_1_241' title='bbox 641 3383 735 3448; x_wconf 85' lang='lat' dir='ltr'>sunt,</span> <span class='ocrx_word' id='word_1_242' title='bbox 746 3375 827 3437; x_wconf 86' lang='lat' dir='ltr'>ideo</span> <span class='ocrx_word' id='word_1_243' title='bbox 839 3394 973 3457; x_wconf 88' lang='lat' dir='ltr'>quoque</span> <span class='ocrx_word' id='word_1_244' title='bbox 990 3375 1024 3440; x_wconf 89' lang='lat' dir='ltr'>in</span> <span class='ocrx_word' id='word_1_245' title='bbox 1041 3393 1166 3454; x_wconf 84' lang='lat' dir='ltr'>genere</span> <span class='ocrx_word' id='word_1_246' title='bbox 1183 3374 1248 3435; x_wconf 89' lang='lat' dir='ltr'>tria</span> <span class='ocrx_word' id='word_1_247' title='bbox 1260 3373 1391 3438; x_wconf 77' lang='lat' dir='ltr'>iuterna</span> 
     </span>
     <span class='ocr_line' id='line_1_30' title="bbox 268 3468 1392 3552; baseline 0 -18"><span class='ocrx_word' id='word_1_248' title='bbox 268 3481 349 3534; x_wconf 88' lang='lat' dir='ltr'>sunt</span> <span class='ocrx_word' id='word_1_249' title='bbox 365 3493 373 3548; x_wconf 88' lang='lat'><strong>;</strong></span> <span class='ocrx_word' id='word_1_250' title='bbox 397 3469 548 3534; x_wconf 86' lang='lat' dir='ltr'>infimum</span> <span class='ocrx_word' id='word_1_251' title='bbox 560 3471 651 3552; x_wconf 91' lang='lat' dir='ltr'>quod</span> <span class='ocrx_word' id='word_1_252' title='bbox 665 3471 863 3552; x_wconf 90' lang='lat' dir='ltr'>oppositum</span> <span class='ocrx_word' id='word_1_253' title='bbox 876 3481 931 3532; x_wconf 88' lang='lat' dir='ltr'>est</span> <span class='ocrx_word' id='word_1_254' title='bbox 950 3470 1074 3532; x_wconf 88' lang='lat' dir='ltr'>intimo</span> <span class='ocrx_word' id='word_1_255' title='bbox 1084 3489 1145 3530; x_wconf 85' lang='lat' dir='ltr'>seu</span> <span class='ocrx_word' id='word_1_256' title='bbox 1161 3470 1268 3532; x_wconf 88' lang='lat' dir='ltr'>tertio</span> <span class='ocrx_word' id='word_1_257' title='bbox 1279 3468 1392 3546; x_wconf 81' lang='lat' dir='ltr'>caelo,</span> 
     </span>
     <span class='ocr_line' id='line_1_31' title="bbox 265 3563 1390 3647; baseline -0.001 -17"><span class='ocrx_word' id='word_1_258' title='bbox 265 3567 419 3630; x_wconf 88' lang='lat' dir='ltr'>medium</span> <span class='ocrx_word' id='word_1_259' title='bbox 439 3565 529 3647; x_wconf 92' lang='lat' dir='ltr'>quod</span> <span class='ocrx_word' id='word_1_260' title='bbox 549 3567 745 3646; x_wconf 90' lang='lat' dir='ltr'>oppositum</span> <span class='ocrx_word' id='word_1_261' title='bbox 765 3576 819 3630; x_wconf 87' lang='lat' dir='ltr'>est</span> <span class='ocrx_word' id='word_1_262' title='bbox 838 3566 954 3628; x_wconf 87' lang='lat' dir='ltr'>medio</span> <span class='ocrx_word' id='word_1_263' title='bbox 972 3585 1032 3627; x_wconf 89' lang='lat' dir='ltr'>seu</span> <span class='ocrx_word' id='word_1_264' title='bbox 1050 3565 1203 3627; x_wconf 88' lang='lat' dir='ltr'>secundo</span> <span class='ocrx_word' id='word_1_265' title='bbox 1221 3563 1330 3640; x_wconf 83' lang='lat' dir='ltr'>caelo,</span> <span class='ocrx_word' id='word_1_266' title='bbox 1349 3583 1390 3629; x_wconf 84' lang='lat' dir='ltr'>ac</span> 
     </span>
     <span class='ocr_line' id='line_1_32' title="bbox 269 3659 1289 3744; baseline -0.003 -19"><span class='ocrx_word' id='word_1_267' title='bbox 269 3663 422 3744; x_wconf 83' lang='lat' dir='ltr'>superius</span> <span class='ocrx_word' id='word_1_268' title='bbox 441 3661 533 3743; x_wconf 87' lang='lat' dir='ltr'>quod</span> <span class='ocrx_word' id='word_1_269' title='bbox 552 3661 738 3742; x_wconf 85' lang='lat' dir='ltr'>oppisitum</span> <span class='ocrx_word' id='word_1_270' title='bbox 755 3669 812 3724; x_wconf 83' lang='lat' dir='ltr'>est</span> <span class='ocrx_word' id='word_1_271' title='bbox 828 3660 953 3723; x_wconf 84' lang='lat' dir='ltr'>ultimo</span> <span class='ocrx_word' id='word_1_272' title='bbox 972 3681 1033 3723; x_wconf 86' lang='lat' dir='ltr'>seu</span> <span class='ocrx_word' id='word_1_273' title='bbox 1052 3661 1161 3740; x_wconf 90' lang='lat' dir='ltr'>primo</span> <span class='ocrx_word' id='word_1_274' title='bbox 1180 3659 1289 3738; x_wconf 86' lang='lat' dir='ltr'>caelo.</span> 
     </span>
    </p>

    <p class='ocr_par' dir='ltr' id='par_1_5' title="bbox 268 3753 1392 4413">
     <span class='ocr_line' id='line_1_33' title="bbox 331 3753 1388 3840; baseline 0 -20"><span class='ocrx_word' id='word_1_275' title='bbox 331 3771 432 3840; x_wconf 75' lang='lat'>543.</span> <span class='ocrx_word' id='word_1_276' title='bbox 463 3753 649 3836; x_wconf 85' lang='lat' dir='ltr'>Quomodo</span> <span class='ocrx_word' id='word_1_277' title='bbox 677 3767 793 3819; x_wconf 89' lang='lat' dir='ltr'>autem</span> <span class='ocrx_word' id='word_1_278' title='bbox 820 3755 953 3822; x_wconf 79' lang='lat' dir='ltr'>inferna</span> <span class='ocrx_word' id='word_1_279' title='bbox 982 3765 1152 3836; x_wconf 86' lang='lat' dir='ltr'>reguntur·</span> <span class='ocrx_word' id='word_1_280' title='bbox 1177 3775 1198 3818; x_wconf 87' lang='lat' dir='ltr'>a</span> <span class='ocrx_word' id='word_1_281' title='bbox 1227 3753 1388 3829; x_wconf 78' lang='lat' dir='ltr'>Domino,</span> 
     </span>
     <span class='ocr_line' id='line_1_34' title="bbox 269 3853 1391 3934; baseline -0.004 -16"><span class='ocrx_word' id='word_1_282' title='bbox 269 3855 373 3918; x_wconf 88' lang='lat' dir='ltr'>etiarn</span> <span class='ocrx_word' id='word_1_283' title='bbox 398 3855 514 3934; x_wconf 90' lang='lat' dir='ltr'>paucis</span> <span class='ocrx_word' id='word_1_284' title='bbox 533 3854 674 3916; x_wconf 90' lang='lat' dir='ltr'>dicetur.</span> <span class='ocrx_word' id='word_1_285' title='bbox 719 3853 901 3934; x_wconf 89' lang='lat' dir='ltr'>Reguntur</span> <span class='ocrx_word' id='word_1_286' title='bbox 924 3853 1056 3916; x_wconf 84' lang='lat' dir='ltr'>inferna</span> <span class='ocrx_word' id='word_1_287' title='bbox 1079 3853 1112 3916; x_wconf 93' lang='lat' dir='ltr'>in</span> <span class='ocrx_word' id='word_1_288' title='bbox 1136 3853 1308 3915; x_wconf 90' lang='lat' dir='ltr'>communi</span> <span class='ocrx_word' id='word_1_289' title='bbox 1332 3871 1391 3933; x_wconf 90' lang='lat' dir='ltr'>per</span> 
     </span>
     <span class='ocr_line' id='line_1_35' title="bbox 269 3946 1389 4022; baseline -0.004 -9"><span class='ocrx_word' id='word_1_290' title='bbox 269 3948 433 4013; x_wconf 75' lang='lat' dir='ltr'>effluxum</span> <span class='ocrx_word' id='word_1_291' title='bbox 450 3968 669 4012; x_wconf 91' lang='lat' dir='ltr'>communem</span> <span class='ocrx_word' id='word_1_292' title='bbox 687 3947 801 4011; x_wconf 90' lang='lat' dir='ltr'>Divini</span> <span class='ocrx_word' id='word_1_293' title='bbox 819 3948 904 4012; x_wconf 91' lang='lat' dir='ltr'>Boni</span> <span class='ocrx_word' id='word_1_294' title='bbox 924 3969 963 4011; x_wconf 92' lang='lat' dir='ltr'>ac</span> <span class='ocrx_word' id='word_1_295' title='bbox 981 3948 1096 4011; x_wconf 90' lang='lat' dir='ltr'>Divini</span> <span class='ocrx_word' id='word_1_296' title='bbox 1112 3946 1195 4010; x_wconf 91' lang='lat' dir='ltr'>Veri</span> <span class='ocrx_word' id='word_1_297' title='bbox 1211 3968 1256 4010; x_wconf 87' lang='lat' dir='ltr'>ex</span> <span class='ocrx_word' id='word_1_298' title='bbox 1273 3946 1389 4022; x_wconf 87' lang='lat' dir='ltr'>caelis,</span> 
     </span>
     <span class='ocr_line' id='line_1_36' title="bbox 270 4041 1390 4126; baseline -0.005 -18"><span class='ocrx_word' id='word_1_299' title='bbox 270 4065 328 4126; x_wconf 89' lang='lat' dir='ltr'>per</span> <span class='ocrx_word' id='word_1_300' title='bbox 351 4063 452 4126; x_wconf 87' lang='lat' dir='ltr'>quem</span> <span class='ocrx_word' id='word_1_301' title='bbox 476 4045 667 4107; x_wconf 87' lang='lat' dir='ltr'>communis</span> <span class='ocrx_word' id='word_1_302' title='bbox 686 4053 830 4108; x_wconf 84' lang='lat' dir='ltr'>conatus</span> <span class='ocrx_word' id='word_1_303' title='bbox 850 4043 991 4106; x_wconf 87' lang='lat' dir='ltr'>effluens</span> <span class='ocrx_word' id='word_1_304' title='bbox 1015 4064 1060 4107; x_wconf 87' lang='lat' dir='ltr'>ex</span> <span class='ocrx_word' id='word_1_305' title='bbox 1085 4041 1223 4105; x_wconf 83' lang='lat' dir='ltr'>infernis</span> <span class='ocrx_word' id='word_1_306' title='bbox 1242 4041 1390 4103; x_wconf 80' lang='lat' dir='ltr'>refrena·</span> 
     </span>
     <span class='ocr_line' id='line_1_37' title="bbox 269 4135 1390 4222; baseline -0.006 -18"><span class='ocrx_word' id='word_1_307' title='bbox 269 4151 323 4204; x_wconf 90' lang='lat' dir='ltr'>tur</span> <span class='ocrx_word' id='word_1_308' title='bbox 353 4150 389 4202; x_wconf 89' lang='lat' dir='ltr'>et</span> <span class='ocrx_word' id='word_1_309' title='bbox 419 4149 623 4217; x_wconf 88' lang='lat' dir='ltr'>coercetur;</span> <span class='ocrx_word' id='word_1_310' title='bbox 657 4149 693 4203; x_wconf 89' lang='lat' dir='ltr'>et</span> <span class='ocrx_word' id='word_1_311' title='bbox 722 4160 856 4222; x_wconf 89' lang='lat' dir='ltr'>quoque</span> <span class='ocrx_word' id='word_1_312' title='bbox 881 4158 941 4220; x_wconf 89' lang='lat' dir='ltr'>per</span> <span class='ocrx_word' id='word_1_313' title='bbox 970 4137 1133 4200; x_wconf 81' lang='lat' dir='ltr'>effluxum</span> <span class='ocrx_word' id='word_1_314' title='bbox 1157 4135 1341 4218; x_wconf 90' lang='lat' dir='ltr'>specialem</span> <span class='ocrx_word' id='word_1_315' title='bbox 1372 4156 1390 4198; x_wconf 93' lang='lat' dir='ltr'>e</span> 
     </span>
     <span class='ocr_line' id='line_1_38' title="bbox 269 4231 1392 4317; baseline -0.004 -21"><span class='ocrx_word' id='word_1_316' title='bbox 269 4235 423 4316; x_wconf 90' lang='lat' dir='ltr'>quolibet</span> <span class='ocrx_word' id='word_1_317' title='bbox 443 4233 553 4306; x_wconf 87' lang='lat' dir='ltr'>caelo,</span> <span class='ocrx_word' id='word_1_318' title='bbox 574 4245 609 4298; x_wconf 90' lang='lat' dir='ltr'>et</span> <span class='ocrx_word' id='word_1_319' title='bbox 632 4255 678 4298; x_wconf 88' lang='lat' dir='ltr'>ex</span> <span class='ocrx_word' id='word_1_320' title='bbox 701 4235 854 4317; x_wconf 87' lang='lat' dir='ltr'>qualibet</span> <span class='ocrx_word' id='word_1_321' title='bbox 874 4235 1046 4296; x_wconf 87' lang='lat' dir='ltr'>societate</span> <span class='ocrx_word' id='word_1_322' title='bbox 1065 4232 1163 4295; x_wconf 90' lang='lat' dir='ltr'>caeli.</span> <span class='ocrx_word' id='word_1_323' title='bbox 1210 4231 1392 4312; x_wconf 88' lang='lat' dir='ltr'>Reguntur</span> 
     </span>
     <span class='ocr_line' id='line_1_39' title="bbox 268 4327 1385 4413; baseline -0.004 -21"><span class='ocrx_word' id='word_1_324' title='bbox 268 4330 399 4392; x_wconf 82' lang='lat' dir='ltr'>inferna</span> <span class='ocrx_word' id='word_1_325' title='bbox 422 4330 456 4392; x_wconf 92' lang='lat' dir='ltr'>in</span> <span class='ocrx_word' id='word_1_326' title='bbox 480 4329 675 4412; x_wconf 89' lang='lat' dir='ltr'>particulari</span> <span class='ocrx_word' id='word_1_327' title='bbox 699 4350 759 4413; x_wconf 91' lang='lat' dir='ltr'>per</span> <span class='ocrx_word' id='word_1_328' title='bbox 780 4329 937 4411; x_wconf 87' lang='lat' dir='ltr'>angelos,</span> <span class='ocrx_word' id='word_1_329' title='bbox 957 4328 1078 4411; x_wconf 90' lang='lat' dir='ltr'>quibus</span> <span class='ocrx_word' id='word_1_330' title='bbox 1101 4327 1202 4390; x_wconf 89' lang='lat' dir='ltr'>datur</span> <span class='ocrx_word' id='word_1_331' title='bbox 1224 4327 1385 4408; x_wconf 80' lang='lat' dir='ltr'>inspicere</span> 
     </span>
    </p>
   </div>
   <div class='ocr_carea' id='block_1_3' title="bbox 269 4419 1391 4603">
    <p class='ocr_par' dir='ltr' id='par_1_6' title="bbox 269 4419 1391 4603">
     <span class='ocr_line' id='line_1_40' title="bbox 269 4419 1389 4507; baseline -0.004 -21"><span class='ocrx_word' id='word_1_332' title='bbox 269 4425 302 4486; x_wconf 91' lang='lat' dir='ltr'>in</span> <span class='ocrx_word' id='word_1_333' title='bbox 322 4423 464 4500; x_wconf 83' lang='lat' dir='ltr'>inferna,</span> <span class='ocrx_word' id='word_1_334' title='bbox 485 4434 521 4488; x_wconf 93' lang='lat' dir='ltr'>et</span> <span class='ocrx_word' id='word_1_335' title='bbox 541 4444 762 4507; x_wconf 89' lang='lat' dir='ltr'>compescere</span> <span class='ocrx_word' id='word_1_336' title='bbox 781 4425 932 4488; x_wconf 86' lang='lat' dir='ltr'>insanias</span> <span class='ocrx_word' id='word_1_337' title='bbox 951 4433 987 4486; x_wconf 91' lang='lat' dir='ltr'>et</span> <span class='ocrx_word' id='word_1_338' title='bbox 1006 4422 1126 4486; x_wconf 88' lang='lat' dir='ltr'>turbas</span> <span class='ocrx_word' id='word_1_339' title='bbox 1145 4421 1210 4498; x_wconf 88' lang='lat' dir='ltr'>ibi;</span> <span class='ocrx_word' id='word_1_340' title='bbox 1235 4419 1389 4503; x_wconf 89' lang='lat' dir='ltr'>quando-</span> 
     </span>
     <span class='ocr_line' id='line_1_41' title="bbox 271 4514 1391 4603; baseline -0.006 -20"><span class='ocrx_word' id='word_1_341' title='bbox 271 4540 337 4603; x_wconf 91' lang='lat' dir='ltr'>que</span> <span class='ocrx_word' id='word_1_342' title='bbox 355 4519 461 4583; x_wconf 87' lang='lat' dir='ltr'>etiam</span> <span class='ocrx_word' id='word_1_343' title='bbox 482 4519 666 4581; x_wconf 91' lang='lat' dir='ltr'>mittuntur</span> <span class='ocrx_word' id='word_1_344' title='bbox 684 4515 764 4580; x_wconf 90' lang='lat' dir='ltr'>illuc</span> <span class='ocrx_word' id='word_1_345' title='bbox 784 4515 911 4596; x_wconf 84' lang='lat' dir='ltr'>angeli,</span> <span class='ocrx_word' id='word_1_346' title='bbox 930 4534 970 4578; x_wconf 91' lang='lat' dir='ltr'>ac</span> <span class='ocrx_word' id='word_1_347' title='bbox 990 4523 1190 4596; x_wconf 88' lang='lat' dir='ltr'>praesentes</span> <span class='ocrx_word' id='word_1_348' title='bbox 1209 4514 1391 4578; x_wconf 91' lang='lat' dir='ltr'>moderan-</span> 
     </span>
    </p>
   </div>
   <div class='ocr_carea' id='block_1_4' title="bbox 271 4607 1390 4693">
    <p class='ocr_par' dir='ltr' id='par_1_7' title="bbox 271 4607 1390 4693">
     <span class='ocr_line' id='line_1_42' title="bbox 271 4607 1390 4693; baseline -0.006 -14"><span class='ocrx_word' id='word_1_349' title='bbox 271 4627 328 4680; x_wconf 90' lang='lat' dir='ltr'>tur</span> <span class='ocrx_word' id='word_1_350' title='bbox 350 4613 437 4677; x_wconf 88' lang='lat' dir='ltr'>illas.</span> <span class='ocrx_word' id='word_1_351' title='bbox 483 4612 522 4675; x_wconf 93' lang='lat' dir='ltr'>ln</span> <span class='ocrx_word' id='word_1_352' title='bbox 548 4631 674 4693; x_wconf 88' lang='lat' dir='ltr'>genere</span> <span class='ocrx_word' id='word_1_353' title='bbox 701 4621 817 4674; x_wconf 90' lang='lat' dir='ltr'>autem</span> <span class='ocrx_word' id='word_1_354' title='bbox 846 4609 1049 4692; x_wconf 88' lang='lat' dir='ltr'>omnesqui</span> <span class='ocrx_word' id='word_1_355' title='bbox 1075 4609 1107 4671; x_wconf 90' lang='lat' dir='ltr'>in</span> <span class='ocrx_word' id='word_1_356' title='bbox 1133 4607 1272 4672; x_wconf 82' lang='lat' dir='ltr'>infernis</span> <span class='ocrx_word' id='word_1_357' title='bbox 1299 4620 1390 4686; x_wconf 85' lang='lat' dir='ltr'>sunt,</span> 
     </span>
    </p>
   </div>
   <div class='ocr_carea' id='block_1_5' title="bbox 0 0 1680 5366">
    <p class='ocr_par' dir='ltr' id='par_1_8' title="bbox 0 0 1680 5366">
     <span class='ocr_line' id='line_1_43' title="bbox 0 0 1680 5366; baseline 0 2"><span class='ocrx_word' id='word_1_358' title='bbox 0 0 1680 5366; x_wconf 95' lang='lat' dir='ltr'> </span> 
     </span>
    </p>
   </div>
  </div>
 </body>
</html>
