3382 5358
364 646 412 698 DE
430 647 716 700 MUTATIONIBUS
735 648 876 699 smus
893 649 1130 704 ANGELORUM
1147 652 1187 702 IN
1202 653 1337 704 CAELO.
1363 660 1403 726 93

288 825 463 896 Habitant
484 825 588 894 etiam
612 825 672 902 illi,
697 826 753 909 qui
780 825 814 892 in
841 826 980 894 infernis
1002 836 1092 902 sunt.
1117 828 1304 896 secundum
1327 849 1406 894 suas

286 921 428 1006 plagas;
459 921 507 989 illi
526 923 639 1006 quiin
657 922 757 988 malis
779 943 825 988 ex
848 941 964 986 amore
984 924 1045 998 sui.
1070 923 1115 988 ab
1137 925 1269 990 oriente
1288 945 1405 991 eorum

285 1019 330 1082 ad
341 1017 558 1084 occidentem
569 1037 706 1095 eorum;
726 1017 783 1101 qui
795 1017 828 1082 in
838 1017 933 1082 falsis
943 1018 1034 1093 mali,
1048 1039 1068 1081 a
1081 1019 1222 1085 meridie
1231 1039 1349 1083 eorum
1362 1019 1411 1084 ad'

286 1113 559 1196 septentrionem
575 1131 713 1175 eorum:
738 1111 800 1176 sed
819 1111 862 1176 de
880 1110 933 1175 his
951 1111 1037 1176 infra
1053 1111 1150 1195 plura
1166 1112 1221 1182 ubi
1240 1113 1284 1178 de
1302 1113 1406 1178 inser·'

287 1227 348 1272 nis.

248 1327 249 1330 ¹
348 1317 441 1385 ψ.
471 1299 621 1384 Quando
638 1301 761 1386 aliquis
779 1302 892 1368 malus
908 1304 1046 1386 spiritus
1065 1302 1155 1368 inter
1170 1303 1282 1371 bonos
1297 1304 1403 1378 venit.

284 1396 399 1462 solent
420 1399 471 1463 ita
493 1397 618 1481 plagae
637 1397 809 1474 confundi,
830 1407 867 1464 ut
891 1398 972 1462 boni
995 1399 1055 1463 vix
1076 1400 1190 1468 sciant
1214 1399 1269 1463 ubi
1292 1401 1409 1462 oriens

283 1513 400 1560 eorum
420 1502 498 1571 est;
521 1495 613 1577 quod
632 1495 738 1562 etiam
754 1493 938 1578 aliquoties
953 1491 1080 1558 tatium
1100 1495 1247 1578 percepi,
1265 1503 1300 1558 et
1320 1515 1404 1577 quo·

284 1607 348 1670 que
367 1608 394 1656 a,
405 1587 590 1670 spiritibus,
610 1589 667 1670 qui
686 1589 730 1654 de
749 1610 791 1652 eo
810 1590 1002 1671 conquesti,
1022 1589 1145 1657 audivi.

346 1695 442 1766 153.
475 1681 559 1746 Mali
589 1683 727 1764 spiritus
753 1683 957 1766 quandoque
980 1693 1149 1766 apparent
1172 1683 1331 1747 conversi
1360 1683 1404 1748 ad

284 1774 405 1858 plagas
427 1775 524 1852 caeli,
550 1785 586 1840 et
610 1785 692 1840 tunc
717 1776 787 1840 illis
806 1777 1040 1860 intelligentia
1062 1787 1098 1842 et
1125 1779 1303 1860 perceptio
1321 1777 1403 1852 veri,

283 1871 344 1934 sed
363 1870 459 1934 nulla
476 1868 611 1936 affectio
629 1872 730 1949 boni;
754 1893 858 1955 quare
878 1883 915 1939 ut
934 1875 1078 1954 primum
1102 1893 1140 1938 se
1163 1873 1207 1936 ad
1231 1893 1310 1938 suas
1329 1871 1404 1955 pla·

282 1985 345 2048 gas
364 1977 458 2058 retro
476 1975 695 2042 convertunt,
712 1968 746 2030 in
765 1967 860 2032 nulla
876 1967 1109 2048 intelligentia
1126 1977 1164 2030 et
1183 1968 1405 2049 perceptione

282 2062 353 2126 veri
375 2071 479 2139 sunt;
510 2062 666 2126 dicentes
689 2072 784 2136 tunc,
808 2061 900 2144 quod
922 2082 1004 2129 vera
1026 2083 1113 2144 quae
1136 2062 1341 2126 audiverunt
1368 2070 1405 2124 et

283 2165 509 2240 perceperunt
533 2177 602 2221 non
625 2177 706 2220 vera
724 2157 794 2221 sint
816 2157 877 2220 sed
901 2156 1006 2233 salsa;
1037 2157 1143 2220 etiam
1166 2155 1291 2220 volunt
1313 2155 1403 2239 quod

282 2249 369 2324 salsa
386 2252 456 2314 sint
474 2270 575 2314 vera:
599 2251 804 2314 informatus
823 2269 897 2316 sum
916 2251 959 2314 de
979 2249 1042 2314 hac
1062 2251 1297 2324 conversione,
1312 2250 1403 2333 quod

283 2365 407 2426 nempe
429 2346 520 2426 apud
543 2345 653 2408 malos
676 2341 912 2408 intellectuale
935 2345 1045 2426 possit
1068 2345 1119 2408 ita
1140 2345 1308 2420 converti,
1333 2365 1402 2410 non

283 2449 399 2504 autem
418 2439 670 2518 voluntarium;
693 2450 731 2503 et
749 2439 841 2522 quod
859 2439 925 2504 hoc
946 2441 1119 2522 provisum
1139 2441 1183 2505 sit
1201 2461 1221 2504 a
1241 2440 1402 2516 Domino,

282 2535 328 2598 ob
347 2533 449 2604 finem
468 2543 506 2598 ut
529 2536 671 2618 quisque
690 2535 798 2616 possit
818 2534 933 2598 videre
956 2543 992 2598 et
1015 2555 1205 2616 agnoscere
1228 2555 1321 2612 vera,
1341 2535 1403 2600 sed

282 2630 374 2713 quod
392 2649 495 2694 nemo
514 2632 658 2712 recipiat
675 2629 736 2694 illa
759 2629 823 2694 nisi
845 2630 879 2694 in
903 2630 996 2694 bono
1019 2631 1075 2705 sit,
1096 2631 1174 2713 quia
1197 2631 1325 2694 bonum
1348 2641 1403 2696 est

282 2725 374 2808 quod
397 2726 517 2808 recipit
540 2745 631 2801 vera,
651 2735 689 2790 et
711 2745 880 2808 nusquam
900 2724 1047 2788 malum:
1080 2735 1154 2791 turn
1178 2725 1270 2808 quod
1293 2725 1403 2790 simile

282 2822 327 2884 sit
344 2821 434 2902 apud
451 2819 637 2894 hominem,
652 2821 698 2884 ob
713 2839 851 2886 causam
868 2829 905 2887 ut
921 2821 1097 2886 emendari
1113 2829 1217 2902 queat
1234 2839 1294 2901 per
1309 2840 1401 2895 vera,

283 2915 343 2978 sed
366 2915 458 2998 quod
482 2936 588 2999 usque
617 2935 687 2982 non
710 2914 786 2997 plus
809 2915 1023 2991 emendetur,
1048 2934 1150 2998 quam
1173 2923 1340 2996 quantum
1368 2915 1401 2978 in

283 3011 375 3074 bono
400 3019 474 3087 est;
498 3020 534 3074 et
561 3010 652 3093 quod
679 3009 760 3074 inde
785 3011 841 3085 sit,
865 3011 957 3092 quod
983 3009 1089 3074 homo
1111 3008 1270 3076 similiter
1294 3009 1404 3091 possit

282 3107 369 3169 verti
388 3107 432 3170 ad
452 3104 657 3183 Dominum;
681 3105 743 3168 sed
762 3106 790 3170 si
809 3106 842 3168 in
862 3103 954 3170 malo
971 3115 1025 3170 est
1043 3105 1157 3188 quoad
1173 3105 1293 3178 vitam,
1310 3103 1403 3186 quod

282 3199 375 3266 illico
393 3210 574 3272 convertat
601 3221 638 3264 se
665 3210 769 3275 retro,
790 3208 824 3272 et
850 3200 1029 3264 confirmet
1056 3199 1146 3282 apud
1173 3219 1210 3264 se
1237 3197 1323 3286 falsa
1352 3197 1403 3262 sui

283 3295 363 3362 mali
382 3305 505 3360 contra
523 3315 603 3358 vera
621 3315 708 3378 quae
727 3295 903 3360 intellexit
922 3304 958 3366 et
978 3295 1074 3370 vidit,
1092 3303 1127 3358 et
1145 3293 1237 3378 quod
1256 3292 1323 3360 hoc
1342 3291 1402 3356 liat

282 3409 361 3460 cum
379 3391 469 3474 apud
488 3411 526 3456 se
545 3410 591 3455 ex
609 3391 763 3458 interiori
782 3410 845 3454 suo
863 3389 1010 3477 cogitat.

769 3851 919 3938 [xvir]
1009 3777 1011 3783 Ι

309 4045 368 4109 Da
391 4043 689 4110 Murnmouruus
712 4037 861 4107 Sunrus
885 4039 1136 4104 Auouuonuu
1164 4050 1205 4100 ru
1229 4034 1372 4101 Caeco.

346 4243 443 4316 154.
473 4229 536 4292 Per
565 4227 774 4291 mutationes
801 4232 915 4289 status
937 4222 1137 4306 angolorum
1161 4217 1405 4302 intelliguntur

283 4325 491 4388 mutationes
511 4341 627 4386 eorum
650 4317 764 4404 quoad
783 4335 936 4383 amorem
960 4326 995 4382 et
1017 4315 1130 4390 fidem.
1151 4323 1186 4380 et
1209 4315 1288 4379 inde
1312 4315 1406 4396 sapi-

284 4419 414 4484 entiam
434 4427 470 4482 et
492 4415 781 4498 intelligentiam
812 4413 861 4478 ita
883 4411 997 4498 quoad
1021 4421 1135 4474 status
1158 4411 1252 4474 vitae
1275 4427 1406 4472 eorum.

285 4509 407 4578 Status
424 4513 584 4576 dicuntur
603 4509 646 4582 de
673 4510 757 4585 uita,
776 4517 813 4572 et
843 4508 886 4573 de
915 4505 988 4570 illis
1010 4526 1098 4590 quae
1125 4505 1217 4570 vitae
1237 4511 1337 4580 sunt;
1368 4513 1406 4566 et

284 4609 363 4692 quia
386 4609 458 4672 vita
481 4605 638 4689 angelica
661 4611 716 4670 est
738 4605 811 4668 vita
834 4604 960 4668 amoris
982 4611 1018 4665 ot
1042 4599 1131 4674 fidei,
1151 4609 1187 4664 et
1211 4598 1290 4663 inde
1314 4597 1405 4677 sapi-
