3350 5366
320 632 381 716 ³⁶2
645 643 695 696 nn
718 643 843 696 cunno
866 643 914 694 nr
937 642 1120 694 urrunnu.

314 824 457 889 tametsi
480 843 549 888 non
572 833 673 908 patet
696 841 812 886 coram
835 820 976 898 mundo,
1000 821 1057 886 ubi
1079 837 1158 885 eum
1181 817 1275 884 dicta
1298 817 1436 883 vincula

313 920 478 984 retinent.
523 917 626 1001 Quod
645 919 694 982 ita
712 919 768 992 sit,
786 937 890 981 nemo
905 935 975 980 non
994 917 1091 979 videt
1106 915 1197 998 apud
1216 923 1379 999 potentes
1398 925 1435 980 et

314 1033 424 1096 reges,
449 1013 570 1096 quibus
592 1033 662 1077 non
685 1012 770 1076 talia
791 1011 887 1076 frena
909 1021 945 1076 et
968 1011 1107 1076 vincula
1128 1021 1220 1086 sunt,
1244 1010 1300 1093 qui
1322 1020 1436 1085 ruunt,

312 1118 350 1173 et
370 1108 556 1190 subjugant
579 1109 771 1191 provincias
790 1117 826 1172 et
848 1127 967 1188 regna,
988 1115 1155 1189 quantum
1178 1104 1246 1168 illis
1268 1106 1435 1180 succedit,

313 1213 348 1268 et
365 1203 542 1286 adspirant
555 1203 598 1267 ad
615 1203 809 1285 potentiam
826 1211 862 1266 et
881 1202 1027 1283 gloriam
1044 1201 1134 1264 ultra
1150 1199 1288 1264 limites.
1334 1199 1435 1282 Quod

312 1298 365 1361 ita
394 1300 450 1374 sit,
475 1299 587 1362 adhuc
611 1297 825 1360 manifestius
849 1305 948 1378 patet
975 1297 1020 1360 ab
1042 1295 1209 1360 hodierna
1231 1294 1435 1378 Babylonia,

228 1423 231 1428 ·
312 1411 399 1476 quae
422 1394 637 1456 dominatum
660 1392 823 1456 extendit
851 1392 885 1454 in
913 1389 1058 1466 caelum,
1081 1401 1118 1456 et
1147 1409 1286 1456 omnem
1309 1400 1435 1472 poten-

312 1487 398 1551 tiam
421 1487 585 1551 Divinum
604 1487 744 1552 Domini
767 1487 801 1550 in
824 1505 862 1550 se
885 1487 1075 1562 transtulit,
1096 1496 1132 1550 et
1155 1487 1318 1550 continue
1341 1487 1435 1569 cupit

312 1581 412 1645 ultra.
457 1581 560 1665 Quod
579 1582 670 1646 tales
693 1581 761 1646 sint
780 1601 919 1665 prorsus
937 1591 1060 1646 contra
1076 1581 1237 1644 Divinum
1257 1591 1294 1645 et
1312 1591 1435 1644 contra

312 1677 456 1752 caelum,
474 1686 509 1740 et
526 1695 588 1758 pro
604 1669 747 1752 inferno,
765 1685 938 1758 cumpost
955 1687 1102 1740 mortem
1119 1678 1152 1740 in
1169 1675 1314 1740 alteram
1326 1677 1434 1740 vitam

310 1772 465 1846 veniunt,
485 1772 644 1836 videatur
675 1773 709 1835 in
739 1771 908 1855 opusculo
936 1771 989 1836 De
1020 1770 1145 1836 Ultimo
1167 1769 1305 1846 Judicb
1333 1780 1367 1834 et
1394 1770 1434 1834 de

310 1863 497 1947 Babylonia
515 1866 698 1930 destrubla.
1220 1885 1223 1891 ·

373 1961 480 2044 56⁰·
510 1959 601 2026 Siste
614 1961 678 2027 tibi
693 1961 842 2045 aliquam
855 1960 1062 2026 societatem
1074 1981 1120 2025 ex
1136 1960 1276 2036 talibus,
1290 1979 1433 2044 quorum

311 2071 434 2118 omnes
453 2073 490 2119 se
509 2055 621 2120 solum
644 2065 775 2132 amant,
795 2063 832 2120 et
854 2073 924 2118 non
943 2055 1030 2118 alios
1049 2055 1113 2118 nisi
1130 2065 1298 2138 quantum
1316 2073 1432 2120 secum
1474 2073 1479 2082 ·

310 2167 414 2212 unum
431 2149 572 2224 faciunt,
593 2159 630 2215 et
652 2151 785 2214 videbis
804 2150 895 2232 quod
914 2169 1012 2212 amor
1029 2149 1166 2214 illorum
1185 2169 1254 2212 non
1277 2148 1365 2212 alius
1386 2151 1432 2214 sit

313 2263 416 2325 quam
435 2245 524 2309 sicut
543 2265 641 2310 amor
658 2246 870 2329 praedonum
889 2245 981 2308 inter
1002 2265 1059 2324 se;
1086 2245 1143 2328 qui
1162 2254 1329 2328 quantum
1348 2263 1431 2309 con·

309 2335 453 2418 junEtim
472 2349 594 2420 agunt,
614 2359 651 2403 se
670 2338 871 2404 osculantur
888 2347 925 2403 et
948 2339 1078 2402 amicos
1096 2350 1245 2418 vocant;
1269 2347 1306 2403 at
1324 2359 1430 2422 quan·

309 2441 382 2494 tum
400 2453 468 2496 non
484 2433 691 2515 conjunctim
710 2444 830 2516 agunt,
844 2443 880 2498 et
899 2443 1066 2519 quantum
1083 2435 1297 2498 dominatum
1311 2454 1431 2500 eorum

309 2525 478 2606 rejiciunt,
502 2529 632 2592 irruunt
655 2539 690 2594 et
714 2529 899 2594 trucidant.
943 2527 979 2592 Si
1008 2528 1236 2610 explorantur
1257 2529 1429 2606 interiora,

308 2642 369 2686 seu
392 2623 496 2686 animi
519 2641 647 2701 eorum,
671 2625 851 2707 apparebit
873 2624 965 2706 quod
988 2623 1081 2706 pleni
1103 2626 1172 2689 sint
1199 2624 1316 2688 hostili
1338 2626 1429 2702 odio,

309 2737 395 2779 unus
411 2727 533 2780 contra
549 2717 706 2794 alterum,
720 2728 756 2782 et
775 2718 867 2802 quod
882 2719 927 2782 ad
946 2735 1048 2782 omne
1060 2719 1190 2801 justum
1205 2730 1242 2784 et
1261 2720 1430 2784 sincerum

310 2811 414 2874 corde
437 2812 584 2888 rideant,
608 2823 644 2876 et
675 2833 810 2896 quoque
833 2811 878 2876 ad
909 2812 1083 2890 Divinum,
1106 2814 1199 2896 quod
1221 2815 1310 2880 sicut
1332 2814 1429 2880 nihili

307 2905 475 2987 rejiciunt.
521 2906 598 2970 Hoc
618 2919 780 2972 constare
798 2907 910 2972 adhuc
930 2907 1052 2972 melius
1070 2919 1189 2991 potest
1212 2929 1259 2974 ex
1281 2910 1429 2975 societa-

307 3002 400 3066 tibus
418 3020 536 3066 eorum
555 3001 589 3064 in
607 3002 757 3079 infernis,
778 3003 821 3066 de
842 3003 962 3085 quibus
982 3002 1077 3067 inira.

369 3095 469 3177 561.
493 3095 672 3172 Interiora,
686 3117 773 3179 quae
790 3106 870 3160 sunt
887 3098 1141 3178 cogitationum
1157 3107 1193 3164 et
1209 3097 1429 3164 affectionum

307 3209 425 3254 eorum
445 3189 502 3272 qui
521 3209 558 3252 se
577 3211 679 3273 supra
698 3193 814 3255 omnia
830 3201 961 3268 amant,
980 3213 1080 3257 versa
1099 3203 1179 3258 sunt
1197 3194 1242 3258 ad
1265 3215 1302 3258 se
1325 3205 1362 3259 et
1385 3193 1428 3258 ad

307 3281 482 3359 mundum,
500 3284 550 3346 ita
565 3304 686 3349 aversa
704 3306 724 3348 a
743 3285 893 3350 Domino
912 3295 948 3350 et
967 3307 988 3350 a
1007 3287 1114 3351 caelo.
1159 3287 1244 3352 Inde
1260 3296 1323 3364 est,
1337 3289 1428 3374 quod

307 3379 450 3442 obsessa
473 3380 542 3442 sint
566 3381 677 3444 omnis
701 3381 838 3462 generis
861 3381 970 3456 maliS,
991 3391 1028 3446 et
1057 3383 1149 3464 quod
1171 3382 1334 3448 Divinum
1359 3405 1428 3448 non

306 3472 445 3536 influere
468 3474 599 3556 possit;
629 3493 716 3558 quae
738 3474 832 3538 illico
855 3484 893 3538 ut
916 3475 1035 3552 influit,
1055 3477 1271 3559 immergitur
1292 3480 1428 3560 cogita·

305 3568 454 3632 tionibus
470 3569 513 3632 de
530 3588 577 3643 se,
595 3578 631 3632 et
649 3579 905 3651 conspurcatur,
923 3579 959 3634 et
976 3590 1110 3654 quoque
1126 3571 1313 3636 infunditur
1329 3575 1427 3638 malis

306 3673 492 3743 quaesunt
515 3683 561 3726 ex
585 3665 722 3744 proprio
741 3663 888 3728 illorum.
934 3663 1019 3728 Inde
1042 3675 1107 3742 est,
1128 3667 1220 3748 quod
1239 3685 1360 3730 omnes
1378 3668 1428 3732 illi

306 3757 338 3819 in
358 3756 468 3819 altera
484 3757 556 3819 vita
571 3767 665 3821 retro
683 3778 704 3820 a
723 3757 873 3822 Domino
892 3757 1063 3841 spedtent,
1083 3769 1120 3823 et
1139 3761 1183 3823 ad
1203 3761 1428 3844 caliginosum

305 3851 396 3933 quod
409 3851 456 3914 ibi
469 3849 546 3914 loco
558 3851 641 3915 solis
655 3853 771 3916 mundi
784 3863 849 3929 est,
864 3864 900 3916 et
913 3853 1004 3936 quod
1018 3875 1035 3918 e
1049 3855 1218 3919 diametro
1231 3859 1428 3940 oppositum

305 3955 358 4007 est
382 3943 454 4007 Soli
477 3944 563 4008 caeli
593 3947 649 4028 qui
679 3957 733 4010 est
762 3947 929 4012 Dominus
949 3945 1123 4031 (videatur
1149 3969 1262 4033 supra,
1283 3971 1316 4014 n.
1340 3951 1426 4034 123).

307 4043 326 4070 ‘¹
338 4037 483 4183 Caligffl
495 4041 601 4104 etiam
617 4041 787 4124 significat
807 4043 946 4118 malum,
963 4053 1000 4108 et
1018 4044 1102 4107 “sol
1119 4046 1236 4108 mundi
1247 4046 1262 4070 ”
1274 4065 1427 4109 amorem

304 4135 365 4197 sui.
386 4143 394 4171 ¹
965 4161 967 4164 ·

691 4319 740 4370 [tax
754 4331 852 4362 amuis
861 4322 1035 4376 cummi]

357 4410 412 4534 fiii)
439 4408 529 4482 Quod
543 4411 613 4464 “sol
627 4411 730 4465 mundi
742 4409 757 4432 ''
770 4411 920 4483 significet
933 4429 1066 4469 amorem
1080 4413 1127 4470 sui
1142 4417 1183 4485 (n.
1197 4415 1288 4485 2441).

375 4497 392 4533 n
407 4497 468 4550 quo
481 4497 579 4542 sensu,
593 4497 646 4550 per
659 4483 805 4536 “adorare
818 4483 913 4538 solem
924 4485 940 4504 ”
951 4485 1138 4556 significatur
1148 4487 1273 4542 adorare
1287 4488 1337 4542 illa
1349 4504 1426 4559 quae

304 4552 454 4604 contraria
467 4563 537 4606 sunt
553 4553 648 4606 amori
664 4553 795 4614 caelesti,
808 4563 839 4607 et
854 4553 986 4609 Domino
1000 4558 1040 4624 (n.
1054 4571 1133 4623 2441,
1150 4558 1255 4626 10584).

357 4631 371 4649 ·‘
381 4621 566 4677 lncalescens
575 4623 620 4677 sol
629 4623 733 4694 ''quod
746 4625 787 4678 sit
796 4641 932 4682 crescens
945 4627 1188 4697 concupiscentia
1202 4629 1271 4684 mali
1283 4629 1322 4698 (n.
1332 4627 1425 4698 8487).
