3382 5358
344 632 501 685 cnsnuu
517 631 566 682 aa
582 631 785 684 russnuuu
801 632 899 684 suur
916 633 967 682 ax
985 631 1152 684 uuunuo
1168 632 1331 682 cruens.
1373 622 1431 701 187

310 804 508 889 opinionem
537 804 639 888 cepit,
659 803 751 886 quod
780 804 962 869 interitura
990 804 1061 868 sint
1090 813 1173 869 tunc
1202 805 1319 869 omnia
1345 827 1432 889 quae

309 917 426 964 coram
456 897 576 974 oculis,
607 907 644 962 et
674 898 767 981 quod
800 919 891 963 nova
924 900 1108 975 exstitura‚
1132 909 1169 962 et
1198 900 1290 982 quod
1320 903 1434 965 anima

309 1004 391 1058 tunc
416 993 568 1057 reditura
598 993 644 1058 sit
674 993 709 1056 in
738 1013 836 1056 suum
862 1012 998 1076 corpus,
1022 1014 1068 1058 ex
1098 1013 1165 1076 qua
1194 992 1433 1076 conjunctione

309 1089 413 1152 homo
437 1088 562 1152 iterum
581 1088 677 1151 vivet
696 1087 821 1152 homo:
845 1087 932 1150 haec
951 1086 1036 1150 fides
1055 1087 1200 1150 involvit
1220 1085 1366 1152 alteram
1389 1089 1433 1178 ἀρ

308 1182 442 1264 angelis
459 1182 551 1266 quod
571 1180 640 1245 sint
660 1201 680 1244 a
700 1182 868 1262 principio
884 1183 1000 1258 creati,
1018 1202 1098 1246 nam
1117 1201 1187 1244 non
1206 1181 1298 1246 credi
1314 1193 1434 1265 potest

308 1278 399 1359 quod
423 1277 556 1342 caelum
581 1284 617 1340 et
644 1275 813 1340 infernum
836 1277 906 1341 sint
929 1297 975 1340 ex
999 1276 1150 1341 humano
1172 1295 1310 1359 genere,
1331 1299 1434 1361 quum

308 1371 458 1437 creditur
476 1371 567 1455 quod
587 1370 701 1434 nullus
721 1370 827 1434 homo
845 1371 925 1434 illuc
945 1372 1038 1454 prius
1056 1373 1174 1436 veniat
1193 1392 1295 1454 quam
1314 1374 1348 1436 in
1367 1372 1434 1438 fine

308 1466 435 1530 mundi.
480 1465 549 1530 Sed
572 1474 611 1529 ut
634 1466 813 1528 evincatur
830 1463 937 1530 homo
956 1466 1048 1549 quod
1072 1487 1142 1530 non
1165 1467 1216 1530 ita
1238 1469 1294 1544 sit,
1313 1469 1433 1533 datum

308 1570 361 1624 est
379 1561 462 1624 mihi
481 1555 693 1626 consortium
714 1559 841 1624 habere
865 1580 943 1624 cum
962 1561 1107 1644 angelis,
1128 1571 1164 1626 et
1187 1583 1321 1646 quoque
1339 1563 1434 1647 loqui

308 1655 468 1720 cumillis
484 1656 540 1739 qui
556 1656 591 1718 in
609 1655 743 1719 inferno
760 1665 851 1732 sunt,
867 1666 903 1720 et
919 1656 986 1720 hoc
1003 1677 1092 1720 nunc
1110 1677 1171 1738 per
1188 1657 1302 1740 plures
1312 1678 1433 1734 annos,

307 1751 510 1834 quandoque
535 1751 700 1815 continue
732 1771 753 1816 a
784 1771 885 1814 mane
910 1772 1016 1834 usque
1039 1751 1084 1814 ad
1106 1772 1299 1836 vesperam,
1319 1761 1356 1817 et
1384 1755 1432 1818 sic

307 1845 477 1909 informari
496 1845 541 1909 de
560 1843 659 1909 caelo
679 1853 716 1910 et
740 1846 784 1911 de
803 1846 957 1924 inierno;
989 1855 1025 1910 et
1048 1845 1115 1910 hoc
1145 1847 1191 1914 ob
1220 1867 1369 1924 causam,
1389 1869 1434 1915 ne

307 1941 411 2004 homo
429 1940 597 2005 ecclesiae
616 1940 761 2005 ulterius
782 1949 984 2024 permaneat
1003 1943 1039 2004 in
1059 1963 1120 2006 sua
1138 1962 1281 2006 erronea
1300 1942 1367 2008 fide
1389 1943 1433 2009 de

307 2033 553 2099 resurrectione
571 2044 728 2118 tempore
749 2035 876 2119 judicii,
895 2056 934 2100 ac
961 2036 1005 2100 de
1027 2039 1161 2100 animae
1177 2047 1273 2100 statu
1288 2038 1432 2116 interea,

307 2139 379 2194 tum
402 2129 446 2194 de
470 2130 603 2212 angelis
626 2140 662 2194 et
692 2130 737 2194 de
760 2130 920 2194 diabolo:
952 2151 1040 2213 quae
1064 2130 1148 2194 fides
1170 2133 1249 2214 quia
1271 2141 1326 2196 est
1348 2131 1433 2196 fides

306 2224 392 2298 salsi,
412 2224 558 2288 involvit
580 2226 762 2303 tenebras;
786 2234 824 2290 et
843 2224 934 2306 apud
953 2245 1015 2288 eos
1034 2227 1090 2307 qui
1109 2245 1155 2288 ex
1174 2227 1311 2308 propria
1329 2226 1432 2290 intel-

307 2317 448 2400 ligentia
475 2319 518 2382 de
546 2318 614 2382 illis
634 2319 805 2400 cogitant,
830 2319 934 2384 insert
954 2319 1208 2382 dubitationem
1227 2330 1264 2384 et
1289 2321 1432 2385 tandem

307 2414 548 2494 negationem
582 2415 701 2478 dicunt
727 2415 819 2477 enim
840 2415 956 2489 corde,
979 2413 1195 2496 “Quomodo
1214 2423 1333 2496 potest
1352 2425 1431 2479 tan-

306 2518 379 2572 tum
395 2508 528 2572 caelum
548 2528 624 2572 cum
642 2519 697 2572 tot
715 2509 893 2584 sideribus,
911 2519 947 2572 et
966 2529 1044 2572 cum
1060 2507 1133 2572 sole
1152 2519 1188 2572 et
1207 2509 1289 2572 luna
1304 2509 1431 2575 destrui

306 2611 342 2666 et
368 2603 546 2685 dissipari?
580 2613 617 2667 et
648 2604 824 2686 quomodo
848 2613 993 2686 possunt
1019 2603 1144 2668 stellae
1173 2625 1193 2668 e
1221 2603 1320 2668 caelo
1348 2613 1431 2669 tunc

306 2697 427 2762 cadere
446 2699 481 2760 in
500 2707 639 2772 terram,
657 2719 744 2780 quae
761 2707 879 2762 tamen
896 2697 1043 2780 majores
1059 2707 1152 2762 terra
1166 2697 1271 2761 sunt?
1293 2705 1330 2760 et
1346 2719 1430 2782 quo·

306 2792 409 2855 modo
431 2801 577 2874 possunt
598 2811 744 2873 corpora
767 2813 788 2856 a
811 2793 983 2856 vermibus
1003 2813 1120 2868 exesa,
1141 2792 1323 2874 putredine
1345 2812 1429 2856 con·

305 2896 451 2968 sumpta,
465 2896 501 2950 et
521 2888 555 2950 in
572 2905 693 2951 omnes
709 2897 834 2952 ventos
850 2887 1027 2967 dissipata,
1044 2886 1199 2968 recolligi
1218 2886 1262 2949 ad
1280 2887 1430 2952 animam
1447 2883 1463 2890 “

305 2981 423 3044 suam?
453 2981 591 3044 ubinam
616 2983 750 3046 interea
774 2983 900 3056 anima,
925 2990 962 3044 et
985 2981 1095 3064 qualis
1117 2981 1177 3044 illa
1199 2999 1277 3044 cum
1300 2981 1430 3063 absque

304 3095 406 3139 sensu
425 3077 481 3159 qui
500 3077 530 3138 ei
553 3077 616 3140 luit
641 3078 674 3139 in
699 3097 843 3160 corpore
852 3076 882 3140 ?”
905 3085 1043 3158 praeter
1061 3075 1158 3158 plura
1176 3074 1318 3154 similia3
1342 3097 1429 3159 quae

303 3171 381 3252 quia
411 3171 772 3252 incomprehensibilia
801 3190 871 3234 non
902 3171 1031 3235 cadunt
1061 3171 1095 3234 in
1125 3168 1238 3244 fidem,
1270 3178 1306 3233 et
1337 3171 1429 3251 apud

303 3263 416 3345 plures
426 3265 608 3330 destruunt
627 3265 730 3330 fidem
747 3266 790 3329 de
806 3267 941 3330 animae
957 3267 1031 3330 vita
1045 3273 1125 3346 post
1142 3273 1301 3338 mortem,
1318 3264 1429 3347 deque

302 3358 400 3423 caelo
422 3370 457 3424 et
480 3361 623 3436 inferno,
646 3371 683 3426 et
707 3381 786 3425 cum
809 3359 876 3424 illis
899 3361 1029 3444 reliqua
1050 3381 1137 3443 quae
1160 3357 1238 3422 fidei
1261 3357 1428 3423 ecclesiae

302 3462 391 3518 sunt.
436 3453 538 3536 Quod
559 3457 807 3530 destruxerint,
823 3463 922 3538 patet
940 3475 986 3518 ex
1004 3454 1072 3518 illis
1090 3455 1146 3536 qui
1165 3453 1295 3529 dicunt,
1313 3451 1429 3534 “Quis

301 3568 347 3611 ex
363 3548 460 3612 caelo
476 3550 519 3613 ad
536 3571 599 3614 nos
615 3553 709 3614 venit
727 3559 763 3614 et
780 3551 932 3613 narravit
942 3549 1035 3632 quod
1050 3549 1120 3611 sit?
1142 3547 1222 3630 quid
1238 3547 1428 3611 infernum?

302 3663 381 3707 num
399 3644 466 3708 sit?
493 3647 573 3729 quid
596 3645 662 3708 hoc
688 3644 779 3728 quod
803 3645 909 3709 homo
928 3643 1135 3708 cruciabitur
1153 3643 1233 3724 igne
1256 3643 1290 3706 in
1313 3651 1426 3705 aeter-

302 3739 403 3802 num?
426 3741 507 3822 quid
524 3741 597 3804 dies
611 3739 752 3821 judicii?
776 3759 891 3804 annon
911 3760 972 3823 per
987 3737 1126 3803 saecula
1140 3738 1264 3802 frustra
1279 3757 1426 3818 exspec-

301 3841 395 3896 tatus
417 3845 470 3898 est
481 3833 512 3897 ?”
546 3845 684 3917 praeter
709 3835 805 3916 plura
829 3855 917 3918 quae
941 3834 1138 3917 negationis
1161 3834 1313 3895 omnium
1335 3843 1426 3895 sunt.

302 3927 354 3992 Ne
372 3929 489 4012 itaque
508 3929 568 4007 illi,
590 3931 648 4014 qui
672 3930 758 3994 talia
776 3932 947 4012 cogitant,
968 3939 1005 3994 ut
1030 3928 1144 3992 solent
1165 3927 1278 4008 plures
1301 3927 1357 4010 qui
1379 3947 1425 3990 ex

301 4025 491 4100 mundanis,
513 4046 601 4110 quae
620 4027 771 4108 sapiunt,
793 4027 920 4094 eruditi
938 4036 974 4091 et
993 4021 1087 4092 docti
1105 4023 1260 4097 audiunt,
1280 4021 1426 4102 amplius

300 4121 500 4201 perturbent
518 4129 554 4184 et
572 4121 741 4186 seducant
754 4122 929 4204 simplices
941 4121 1008 4186 fide
1024 4131 1060 4185 et
1077 4121 1192 4194 corde,
1206 4137 1245 4182 ac
1259 4117 1424 4180 inducant

300 4213 481 4279 infernales
494 4217 656 4282 tenebras
673 4217 716 4282 de
733 4217 821 4292 Deo,
836 4218 879 4282 de
892 4215 1000 4294 caelo,
1014 4216 1058 4280 de
1072 4216 1145 4278 vita
1158 4223 1311 4286 aeterna,
1324 4231 1365 4274 ac
1381 4211 1425 4275 de

300 4311 422 4373 ceteris
446 4333 533 4394 quae
557 4333 602 4376 ex
627 4311 693 4376 illis
717 4313 881 4394 pendent,
906 4322 1028 4393 aperta
1050 4319 1130 4374 sunt
1153 4309 1316 4372 interiora
1336 4327 1423 4388 quae

299 4404 439 4486 spiritus
463 4408 529 4470 mei
554 4417 633 4471 sunt
656 4428 676 4471 a
700 4406 862 4482 Domino,
882 4417 918 4470 et
940 4408 988 4470 sic
1012 4405 1104 4488 loqui
1127 4405 1245 4467 datum
1267 4411 1322 4465 est
1345 4421 1422 4464 cum

299 4501 457 4564 omnibus
476 4523 561 4584 quos
580 4519 721 4584 usquam
742 4512 846 4565 notos
864 4499 966 4564 habui
990 4501 1023 4562 in
1047 4501 1118 4563 vita
1141 4498 1304 4580 corporis,
1324 4507 1421 4580 post-

299 4613 400 4678 quam
424 4593 574 4660 deluncii
596 4605 676 4659 sunt
689 4617 698 4674 ;
729 4615 806 4660 cum
829 4593 1033 4679 quibusdam
1057 4613 1117 4676 per
1139 4592 1224 4668 dies,
1249 4611 1325 4656 cum
1348 4592 1422 4674 qui·
