3382 5358
283 637 342 714 184
597 643 649 698 uu
670 641 798 696 cneco
822 643 870 695 nr
893 641 1078 696 rxrnnvo

280 817 407 896 Homo,
427 835 565 904 prorsus
583 817 672 884 sicut
691 815 824 883 eaelum
844 814 904 901 (de
921 835 990 900 quo
1007 835 1119 900 supra,
1139 833 1172 880 n.
1195 813 1337 900 39-72);
1360 824 1401 880 at

278 913 425 978 ecclesia
448 911 504 978 ubi
527 911 682 978 Verbum
704 921 740 976 et
763 932 824 995 per
845 912 880 976 id
904 909 1071 976 Dominus
1094 919 1208 988 notus,
1232 919 1286 976 est
1308 909 1401 976 sicut

278 1028 338 1073 cor
356 1018 392 1073 et
411 1008 499 1071 sicut
518 1006 634 1089 pulmo
654 1007 688 1070 in
707 1005 769 1069 illo
787 1006 946 1084 homine;
969 1005 1061 1090 quod
1080 1006 1196 1069 omnia
1210 1005 1344 1070 viscera
1361 1014 1400 1069 et

278 1104 432 1170 membra
450 1101 559 1166 totius
578 1101 730 1182 corporis
749 1120 794 1164 ex
826 1100 930 1164 corde
953 1109 990 1166 et
1018 1099 1182 1184 pulmone
1204 1099 1398 1183 pervarias

277 1197 511 1262 derivationes
533 1196 641 1260 vitam
661 1194 813 1272 trahant,
834 1205 954 1260 notum
977 1205 1054 1276 est;
1084 1195 1134 1260 lta
1157 1213 1292 1280 quoque
1313 1192 1398 1260 illud

277 1292 464 1358 humanum
482 1311 603 1376 genus,
624 1290 716 1373 quod
738 1298 842 1355 extra
864 1289 1049 1356 ecclesiam
1072 1290 1130 1354 ubi
1152 1288 1306 1354 Verbum
1329 1297 1397 1368 est,

277 1389 374 1463 vivit,
388 1397 424 1451 et
437 1387 617 1452 constituit
627 1385 718 1450 illius
729 1384 878 1450 hominis
887 1385 1052 1450 membra.
1096 1381 1302 1467 Conjundtio
1310 1383 1399 1451 caeli

277 1501 339 1568 per
354 1481 506 1546 Verbum
525 1500 602 1545 curn
621 1479 689 1545 illis
707 1481 764 1564 qui
782 1480 925 1557 distant,
944 1481 1051 1545 etiam
1069 1481 1260 1562 comparari
1278 1489 1399 1564 potest

250 1599 253 1606 ’
278 1575 357 1653 luci,
373 1595 459 1660 quae
474 1597 494 1640 e
511 1576 624 1639 medio
639 1583 848 1658 propagatur
864 1575 1082 1639 circumcirca
1096 1595 1105 1654 3
1128 1573 1253 1639 Divina
1268 1575 1330 1640 lux
1344 1583 1400 1641 est

278 1673 313 1738 in
342 1671 471 1747 Verbo,
492 1691 532 1734 ac
561 1669 607 1732 ibi
638 1667 807 1732 Dominus
834 1689 911 1733 cum
938 1669 1037 1734 caelo
1060 1689 1235 1753 praesens,
1255 1691 1301 1735 ex
1331 1689 1398 1756 qua

277 1763 473 1848 praesentia
495 1762 598 1826 etiam
621 1759 793 1826 distantes
826 1763 861 1826 in
895 1761 970 1827 luce
999 1773 1098 1842 sunt;
1132 1764 1235 1828 aliter
1257 1765 1346 1829 foret
1368 1765 1397 1830 si

278 1875 348 1921 non
370 1855 534 1919 Verbum.
581 1853 678 1918 Haec
709 1855 856 1938 amplius
885 1855 1049 1919 elucidari
1072 1865 1218 1938 possunt
1248 1873 1309 1938 per
1337 1857 1398 1922 illa

278 1969 366 2034 quae
384 1969 486 2032 supra
511 1949 557 2012 de
581 1947 692 2012 forma
721 1949 809 2012 caeli
831 1951 1021 2014 secundum
1039 1969 1141 2032 quam
1164 1951 1395 2016 consociatio·

278 2063 340 2108 nes
358 2051 395 2108 et
413 2043 744 2107 communicationes
761 2043 818 2118 ibi,
836 2053 978 2107 ostensa
992 2053 1084 2108 sunt.
1128 2041 1196 2108 Sed
1214 2044 1281 2108 hoc
1299 2061 1397 2110 arca·

277 2157 360 2203 num
378 2135 687 2220 comprehensibile
711 2145 765 2201 est
787 2136 856 2202 illis
878 2138 934 2221 qui
962 2138 996 2202 in
1019 2138 1188 2220 spirituali
1208 2138 1284 2202 luce
1302 2147 1396 2216 sunt,

278 2251 347 2298 non
374 2241 490 2296 autem
519 2230 586 2294 illis
610 2231 667 2313 qui
691 2231 802 2294 solum
833 2231 868 2294 in
892 2231 1038 2296 naturali
1053 2253 1062 2312 ;
1093 2251 1173 2296 nam
1201 2231 1250 2296 illi
1277 2233 1333 2316 qui
1360 2233 1395 2297 in

277 2327 354 2391 luce
376 2325 543 2408 spirituali
572 2334 664 2400 sunt,
688 2325 949 2389 innumerabilia
971 2326 1063 2390 clare
1084 2327 1217 2402 vident,
1237 2345 1324 2410 quae
1347 2325 1396 2392 illi

277 2422 335 2505 qui
362 2421 473 2486 solum
506 2421 540 2483 in
572 2417 651 2483 luce
677 2419 825 2484 naturali
854 2429 934 2484 sunt
964 2439 1033 2484 non
1060 2421 1191 2498 vident,
1220 2431 1280 2486 aut
1306 2422 1395 2485 sicut

278 2535 382 2580 unum
399 2516 580 2580 obscurum
599 2514 728 2579 vident.

339 2625 446 2692 309.
475 2607 549 2672 Nisi
568 2607 639 2672 tale
658 2607 812 2672 Verbum
835 2609 871 2673 in
893 2609 958 2674 hac
977 2608 1102 2675 tellure
1124 2607 1244 2674 datum
1262 2609 1394 2689 diisset,

201 2677 204 2688 Ι
276 2703 381 2767 homo
398 2701 495 2784 hujus
514 2702 646 2766 telluris
665 2711 846 2783 separatus
856 2703 975 2768 suisset
993 2725 1014 2767 a
1032 2702 1140 2780 caelo,
1156 2713 1193 2768 et
1209 2705 1237 2767 si
1256 2723 1395 2788 separa·

277 2807 334 2862 tus
356 2819 377 2861 a
398 2795 496 2862 caelo
514 2816 583 2860 non
606 2795 753 2878 amplius
775 2797 953 2861 rationalis
976 2807 1091 2877 esset3
1113 2798 1284 2864 rationale
1302 2799 1395 2864 eninr

276 2890 463 2954 humanum
492 2891 615 2955 existit
645 2911 691 2954 ex
724 2889 855 2954 influxu
884 2891 971 2956 lucis
999 2891 1097 2957 caeli.
1142 2891 1259 2956 Homo
1287 2894 1394 2958 etiam

276 2985 374 3067 hujus
389 2985 522 3050 telluris
538 2985 618 3049 talis
634 2993 700 3059 est,
717 2993 755 3049 ut
771 3004 841 3048 non
856 2987 1008 3070 recipere
1020 2986 1130 3067 possit
1146 2987 1394 3052 revelationem

277 3080 520 3154 immediatam,
544 3088 581 3144 et
603 3099 664 3162 per
685 3079 780 3142 illam
803 3079 925 3143 instrui
953 3081 997 3144 de
1026 3081 1116 3144 veris
1138 3079 1282 3158 Divinis,
1307 3083 1394 3148 sicut

277 3173 411 3238 incolae
429 3172 571 3236 aliarum
590 3173 763 3248 tellurum,
783 3173 826 3238 de
845 3174 967 3256 quibus
989 3174 1023 3236 in
1047 3173 1210 3257 peculiari
1227 3176 1394 3258 opusculo

276 3265 390 3332 adium
413 3277 487 3346 est,
520 3277 574 3332 est
598 3269 689 3334 enim
712 3267 788 3352 plus
807 3289 909 3352 quam
932 3268 982 3333 illi
1004 3269 1039 3332 in
1062 3269 1254 3346 mundanis,
1276 3271 1328 3336 ita
1359 3272 1393 3336 in

276 3363 443 3439 externis,
460 3381 500 3426 ac
519 3363 656 3426 interna
674 3373 754 3427 sunt
773 3383 861 3445 quae
878 3363 1127 3430 revelationem
1146 3365 1339 3447 recipiunt;
1366 3367 1394 3430 si

274 3468 421 3524 externa
439 3457 630 3539 reciperent
642 3477 711 3520 non
727 3456 979 3539 intelligeretur
994 3477 1122 3522 verum.
1168 3455 1272 3540 Quod
1289 3458 1394 3524 horno

274 3551 372 3632 hujus
391 3549 525 3616 telluris
543 3549 624 3614 talis
642 3551 699 3626 sit,
719 3551 901 3616 manifeste
917 3560 1014 3634 patet
1029 3571 1076 3614 ex
1092 3551 1161 3614 illis
1175 3551 1268 3616 intra
1282 3553 1394 3618 eccle·

275 3647 370 3721 siam,
388 3645 444 3727 qui
460 3644 602 3708 tametsi
617 3645 729 3708 sciunt
748 3665 793 3708 ex
810 3643 929 3709 Verbo
945 3644 988 3708 de
1005 3643 1115 3719 caelo,
1129 3645 1172 3709 de
1191 3645 1333 3723 inferno,
1350 3647 1394 3711 de

274 3740 348 3804 vita
371 3747 452 3823 post
474 3748 634 3813 mortem,
657 3760 763 3822 usque
791 3737 852 3804 illa
876 3739 982 3804 corde
1006 3748 1161 3822 negant;
1195 3739 1285 3804 inter
1308 3761 1394 3824 quos

274 3835 381 3898 etiarn
399 3843 492 3909 sunt,
508 3833 566 3916 qui
584 3834 788 3898 eruditionis
803 3834 930 3898 samam
946 3853 1028 3915 prae
1046 3833 1185 3916 reliquis
1200 3853 1393 3916 aucupave-

273 3937 363 4002 runt,
380 3928 423 3991 de
442 3925 563 4010 quibus
577 3927 658 3990 inde
673 3927 884 3992 credendum
900 3937 1005 4004 esset,
1026 3927 1118 4010 quod
1137 3926 1214 4010 plus
1233 3935 1395 4010 saperent

274 4039 376 4105 quarn
394 4021 463 4086 alii.

335 4127 436 4196 310·
466 4113 551 4179 Cum
574 4113 708 4196 angelis
734 4115 778 4180 de
800 4114 919 4180 Verbo
941 4114 1123 4200 aliquoties
1147 4114 1284 4180 locutus
1306 4133 1392 4190 sum,

273 4219 309 4274 et
327 4208 413 4284 dixi,
432 4210 523 4292 quod
542 4209 576 4274 id
596 4229 617 4274 a
632 4210 836 4292 quibusdam
854 4219 1100 4274 contemnatur
1117 4219 1258 4292 propter
1275 4209 1394 4274 stilum

272 4303 344 4386 ejus
362 4301 575 4386 simplicem3
605 4313 643 4367 et
674 4303 765 4386 quod
796 4325 933 4387 prorsus
956 4322 1025 4367 non
1049 4306 1179 4368 sciatur
1200 4302 1329 4386 aliquid
1350 4301 1395 4366 de
1486 4375 1487 4378 Ἴ

272 4415 375 4462 sensu
393 4397 465 4479 ejus
483 4397 632 4470 interno,
650 4407 686 4462 et
704 4397 783 4461 inde
803 4417 873 4461 non
892 4399 1054 4462 credatur
1072 4397 1165 4480 quod
1184 4405 1287 4460 tanta
1302 4396 1394 4480 sapi·

271 4491 367 4556 entia
384 4491 466 4555 inibi
482 4489 662 4555 recondita
677 4489 798 4556 lateat.
844 4491 974 4573 Angeli
990 4493 1166 4566 dixerunt,
1182 4491 1276 4574 quod
1295 4489 1395 4556 stilus

272 4583 390 4661 Verbi,
414 4584 556 4650 tametsi
584 4584 619 4648 in
649 4603 752 4648 sensu
775 4583 915 4648 litterae
937 4592 1082 4669 apparet
1103 4583 1266 4666 simplex,
1289 4604 1394 4666 usque
