3382 5358
545 668 596 720 ou
615 667 738 721 stetu
762 668 868 721 mers
891 669 932 720 tu
956 669 1092 722 cnuto.
1352 658 1410 740 167

289 839 480 924 unoquovis
498 838 566 903 ibi:
589 838 657 904 hoc
675 839 837 923 gaudium
856 849 1057 924 perceptum
1080 860 1101 906 a
1123 839 1273 906 Domino
1290 841 1325 906 in
1347 861 1409 906 an·

288 935 387 1020 gelis,
407 946 444 1002 et
463 935 508 1000 ab
526 935 661 1018 angelis
693 955 714 998 a
730 935 891 1014 Domino,
905 945 960 1002 est
975 956 1056 1020 pax.
1102 937 1187 1002 Inde
1203 957 1263 1020 per
1275 937 1409 1002 deriva-

288 1034 418 1098 tionem
436 1042 491 1097 est
514 1032 649 1116 angelis
667 1051 771 1098 omne
793 1031 945 1110 beatum,
961 1031 1159 1114 jucundum,
1179 1041 1215 1098 et
1237 1033 1331 1111 felix,
1351 1053 1410 1099 seu

287 1128 321 1192 id
340 1127 431 1213 quod
449 1139 595 1193 vocatur
609 1129 771 1212 gaudium
790 1121 985 1193 caelestem

350 1223 446 1308 ²87·
476 1222 566 1306 Quia
598 1225 677 1289 inde
711 1234 792 1290 sunt
821 1225 971 1308 origines
1000 1225 1107 1308 pacis,
1135 1223 1214 1288 ideo
1243 1223 1410 1288 Dominus

287 1329 431 1384 vocatur
445 1319 636 1400 “Princeps
653 1321 777 1402 pacis,”
793 1331 828 1384 et
846 1321 930 1384 dicit
949 1320 1040 1404 quod
1059 1321 1103 1384 ab
1122 1320 1205 1402 Ipso
1221 1339 1303 1402 pax,
1320 1331 1356 1384 et
1376 1321 1409 1384 iu

288 1415 369 1498 Ipso
392 1435 484 1498 pax;
508 1425 582 1480 tum
601 1415 716 1498 angeli
734 1417 894 1480 dicuntur
913 1416 1057 1500 “angeli
1076 1416 1199 1498 pacis‚”
1219 1427 1254 1482 et
1277 1415 1409 1482 caelum

289 1515 311 1544 ‘⁴
321 1511 558 1576 habitaculum
581 1513 675 1594 pacis
686 1511 713 1588 ,'’
735 1523 773 1576 ut
793 1515 826 1576 in
845 1512 898 1576 his
917 1513 1138 1596 sequentibus
1156 1511 1265 1577 locis:

337 1643 430 1696 “Puer
444 1657 524 1696 natus
536 1637 578 1698 est
588 1647 675 1706 nobis,
690 1646 774 1698 Filius
783 1647 863 1698 datus
877 1657 919 1697 est
934 1647 1020 1706 nobis,
1033 1661 1114 1712 super
1124 1647 1200 1710 cujus
1212 1647 1326 1698 humero
1339 1648 1410 1710 prin·

417 1713 538 1776 sipritus:
561 1722 589 1761 et
600 1714 740 1762 uocabitur
751 1729 851 1763 nomen
867 1713 956 1776 Ipsius
970 1713 1111 1770 Mirabilis,
1124 1713 1311 1773 Conciliarius,
1328 1713 1410 1772 Deua,

420 1777 518 1838 lieres,
532 1778 613 1828 Pater
629 1780 806 1838 aeternitatis,
820 1779 950 1841 Princeps
964 1778 1058 1836 Pacis;
1075 1779 1264 1842 multiplicanti
1277 1781 1409 1844 principa·

417 1853 474 1894 tum
486 1855 514 1894 et
525 1859 618 1908 pacem
631 1859 685 1893 non
699 1845 750 1894 erit
762 1843 845 1895 tinis”
857 1844 942 1906 (Esai.
954 1845 990 1896 ix.
1005 1857 1027 1905 5,
1041 1846 1058 1894 ὁ
1071 1842 1116 1910 [Β.
1125 1847 1159 1895 A.
1169 1845 1192 1904 6,
1206 1842 1252 1910 7]).

335 1905 416 1973 Jesua
433 1909 508 1970 dixit,
523 1909 642 1960 “Pacem
658 1910 781 1974 relinquo
796 1911 884 1973 uobis,
897 1925 991 1973 pacem
1008 1923 1098 1960 meam
1110 1911 1146 1960 do
1158 1911 1252 1972 vobis,
1271 1922 1326 1960 non
1341 1910 1410 1961 slent

417 1977 535 2026 mundus
547 1977 600 2036 dat,
615 1975 673 2038 Ego
685 1977 721 2026 do
733 1977 813 2026 robis
821 1975 835 1996 ”
847 1976 923 2042 (Jor.
935 1977 989 2026 xiv.
1003 1977 1053 2036 27).

337 2039 554 2091 “Haeclocutus
567 2056 626 2090 sum
639 2043 727 2120 uobis,
738 2053 769 2092 ut
781 2043 808 2091 in
822 2041 868 2091 Me
881 2057 975 2122 pacem
990 2041 1113 2122 habeatis
1121 2039 1136 2062 ''
1148 2040 1222 2128 (ffl'
1235 2041 1289 2092 xvi.
1304 2047 1354 2104 33).

337 2105 449 2156 “Tollet
461 2106 585 2171 Jehovah
597 2107 681 2156 lactes
695 2122 759 2158 suas
772 2108 806 2156 ati
823 2117 858 2166 te,
871 2117 898 2157 et
909 2108 984 2158 dabit
996 2110 1045 2157 ttbt
1058 2122 1152 2170 pacem
1188 2108 1282 2168 (Num.
1294 2107 1384 2168 vlab).

337 2173 351 2196 '⁸
359 2171 457 2236 Angeli
471 2174 545 2236 pacis
557 2187 648 2222 amare
660 2173 741 2232 fleon
758 2182 881 2224 vastatae
892 2183 956 2222 sunt
969 2172 1104 2224 semitae''
1117 2169 1204 2238 (Erat.
1214 2173 1304 2222 xxxiii.
1318 2184 1341 2233 7,
1356 2173 1389 2233 8).

337 2237 419 2288 “Erit
436 2253 505 2301 opus
520 2238 639 2301 justitiae
659 2253 712 2302 pax
722 2253 741 2296 ;.
751 2276 758 2289 .
768 2276 775 2288 .
785 2249 824 2288 .et
841 2240 973 2288 habitabit
987 2240 1103 2302 populus
1118 2255 1195 2289 meus
1213 2239 1240 2288 in
1255 2239 1409 2288 habitaculo

418 2305 492 2367 pacis
502 2303 517 2324 '⁹
528 2303 613 2368 (Erar'.
621 2305 704 2355 axxil.
718 2315 756 2366 17,
770 2305 819 2367 18).

287 2435 388 2520 Quod
412 2439 456 2502 sit
486 2459 556 2520 pax
580 2438 705 2502 Divina
727 2447 763 2502 et
793 2437 963 2516 caelestis,
988 2459 1075 2521 quae
1098 2459 1159 2521 per
1183 2437 1357 2520 “pacem'’
1375 2438 1409 2502 in

285 2533 405 2598 Verbo
421 2535 635 2618 intelligitur,
654 2545 814 2600 constare
831 2536 936 2600 etiam
952 2545 1070 2618 potest
1089 2555 1134 2598 ex
1155 2534 1229 2597 aliis
1245 2534 1340 2607 locis,
1354 2523 1410 2598 ubi

284 2631 482 2696 nominatur

335 2766 385 2828 (Ut
401 2765 476 2818 Esai.
491 2767 528 2818 lli.
543 2779 576 2827 7;
594 2782 652 2830 cap.
667 2768 711 2818 liv.
727 2779 773 2828 ιο,
790 2781 849 2830 cap.
864 2766 909 2818 lix.
925 2767 956 2818 8:
977 2767 1072 2846 Jerent.
1090 2767 1145 2817 xri.
1161 2778 1192 2828 5;
1210 2781 1267 2830 cap.
1282 2781 1345 2818 xxv.
1359 2779 1409 2828 37:

416 2834 561 2962 3¹13).fo
578 2846 625 2884 rr:
644 2833 727 2899 Hagg.
744 2834 771 2884 ii.
788 2847 821 2897 9:
844 2831 919 2884 Such.
938 2831 992 2884 vlit.
1012 2845 1059 2884 ra:
1080 2831 1180 2884 Psalm.
1196 2833 1298 2883 xxxvii.
1313 2845 1361 2894 37:
1382 2841 1410 2882 et

473 2915 480 2948 1
492 2934 499 2949 ι

286 3030 376 3114 Quia
394 3031 467 3096 Pax
486 3031 657 3114 significat
681 3032 866 3096 Dominum
889 3041 925 3096 et
949 3031 1094 3108 caelum,
1114 3040 1150 3096 et
1171 3053 1307 3116 quoque
1330 3052 1409 3097 cae·

285 3126 373 3194 leste
396 3129 571 3210 gaudium,
591 3139 626 3192 et
646 3127 832 3209 jucundum
855 3127 948 3202 boni,
968 3129 1047 3192 ideo
1069 3129 1296 3192 salutationes
1318 3130 1408 3192 anti-

286 3225 359 3308 quis
375 3225 588 3307 temporibus
602 3223 749 3300 iuerunt,
769 3235 805 3288 et
824 3223 904 3287 inde
923 3244 1057 3307 quoque
1076 3223 1178 3288 hodie
1197 3233 1288 3298 sunt,
1308 3223 1409 3288 “Pax

285 3318 462 3383 vobiscum
474 3319 500 3398 ;’'
518 3319 610 3403 quod
634 3321 739 3383 etiam
763 3319 932 3384 Dominus
951 3317 1177 3394 confirmavit,
1198 3317 1347 3384 dicendo
1365 3320 1408 3383 ad

286 3414 471 3498 discipulos
490 3436 576 3498 quos
594 3417 719 3490 emisit,

336 3550 446 3615 '‘Quam
459 3551 570 3600 domum
578 3551 751 3606 intraveritis,
764 3549 880 3613 primum
890 3549 971 3600 dicite
985 3549 1042 3600 Pax
1052 3549 1146 3600 domui
1158 3549 1237 3609 huic;
1255 3559 1282 3600 et
1294 3551 1318 3600 si
1327 3549 1409 3600 iuerit

330 3623 335 3628 ’
417 3617 455 3666 ibi
469 3615 539 3678 filius
551 3617 633 3680 pacis,
646 3617 796 3680 requiescet
807 3631 889 3679 super
900 3615 948 3666 illo
961 3629 1014 3680 pax
1026 3625 1118 3666 vestra
1126 3615 1141 3636 ”
1153 3615 1227 3677 (Luc.
1240 3631 1265 3666 x.
1280 3627 1301 3677 5,
1314 3615 1341 3678 6)
1353 3631 1359 3674 ;

286 3753 320 3810 et
340 3764 474 3827 quoque
495 3743 573 3826 Ipse
593 3743 771 3818 Dominus,
792 3761 868 3806 cum
888 3741 1046 3826 apparuit
1065 3741 1243 3826 apostolis,
1263 3742 1366 3818 dixit,

561 3873 641 3924 “Pax
650 3875 790 3924 vobiscum
799 3872 814 3894 ”
826 3873 902 3939 (Joh.
915 3888 958 3924 xx.
972 3885 1011 3936 19,
1024 3885 1063 3932 at,
1077 3873 1126 3934 26).

721 4075 760 4128 (ιιι
773 4085 872 4118 amu
885 4075 1050 4127 munaus)

352 4181 379 4246 o)
405 4175 496 4250 Quod
510 4192 564 4247 per
573 4191 676 4248 pacem
690 4176 721 4230 in
731 4192 874 4246 supremo
881 4191 970 4232 sensu
981 4175 1167 4248 intelligatur
1177 4174 1333 4236 Dominus.
1341 4175 1412 4246 qula

286 4251 497 4389 ῗξὸοῗιῖὀέῧις
515 4259 546 4303 et
562 4247 592 4302 in
605 4263 694 4303 sensu
709 4248 830 4303 interno
842 4249 966 4309 caelum,
980 4247 1052 4319 quia
1066 4247 1108 4301 ibi
1127 4247 1158 4301 in
1174 4255 1256 4302 statu
1272 4245 1353 4318 pacis
1370 4249 1410 4314 (n.

340 4391 430 4464 Quod
445 4407 503 4462 pax
516 4391 545 4444 in
559 4390 649 4445 caelis
662 4389 701 4444 sit
712 4388 856 4445 Divinum
868 4387 973 4444 intime
983 4387 1114 4443 afficiens
1124 4387 1312 4442 beatitudine
1321 4403 1411 4443 omne

287 4463 399 4517 bonum
414 4473 446 4517 et
464 4477 569 4516 verum
586 4461 635 4522 ibi,
652 4472 683 4516 et
698 4461 780 4532 quod
796 4461 836 4516 sit
851 4459 1162 4532 incomprehensibilis
1178 4458 1293 4513 homini
1311 4461 1351 4530 (n.
1367 4473 1410 4528 9²·

288 4527 617 4744 {⁷53336D1314115a5'p2166
620 4533 661 4657 {lt
681 4602 710 4657 in
723 4602 813 4664 bono,
827 4617 888 4658 non
898 4611 999 4658 autem
1019 4602 1049 4656 in
1063 4615 1135 4656 vero
1146 4601 1260 4671 absque
1275 4599 1357 4656 bono
1370 4603 1411 4672 (n.

306 4687 357 4740 7²²
373 4717 379 4730 .
