3408 5358
300 609 360 673 242
616 607 667 659 DE
689 605 815 660 cnuto
838 608 887 660 ET
909 608 1091 662 INFERNO.

297 775 409 840 officia
427 777 561 844 variae:
585 777 792 860 unaquaevis
811 779 902 842 enim
917 779 1067 842 societas
1083 779 1254 862 peculiare
1270 779 1418 846 officium

297 873 392 950 obit;
415 891 494 934 nam
511 873 599 936 sicut
615 873 803 952 societates
814 871 997 938 distindiae
1013 887 1093 938 sunt
1110 876 1299 940 secundum
1316 877 1417 952 bona,
1472 903 1475 908 ¹

299 964 471 1048 (videatur
487 985 600 1048 supra,
618 987 650 1030 n.
669 966 738 1050 41,)
762 969 812 1032 ita
829 969 1017 1032 secundum
1036 990 1127 1046 usus,
1148 972 1308 1053 quoniam
1327 972 1419 1036 bona

297 1061 387 1143 apud
407 1081 528 1125 omnes
550 1061 585 1126 in
608 1061 712 1126 caelis
730 1071 811 1126 sunt
835 1062 926 1126 bona
948 1063 983 1126 in
1006 1061 1096 1140 actu,
1117 1084 1204 1147 quae
1227 1075 1308 1130 sunt
1327 1087 1417 1130 usus.

297 1155 540 1240 Unusquisque
563 1156 609 1220 ibi
632 1175 729 1220 usum
748 1168 915 1240 praestat,
938 1178 1018 1222 nam
1036 1179 1181 1240 regnum
1201 1159 1342 1224 Domini
1364 1172 1418 1226 est

296 1271 441 1334 regnum
460 1248 621 1315 usuumtl
654 1311 656 1318 Α

358 1344 461 1428 388.
484 1345 573 1410 Sunt
596 1346 630 1410 in
653 1345 760 1410 caelis
777 1345 866 1410 sicut
889 1347 923 1410 in
946 1347 1046 1412 terris
1065 1347 1179 1430 plures
1198 1349 1417 1413 administra-

296 1441 430 1520 tiones3
462 1461 541 1506 narn
563 1451 642 1506 sunt
666 1441 914 1518 ecclesiastica,
938 1453 1019 1507 sunt
1043 1443 1167 1520 civilia,
1192 1454 1228 1510 et
1251 1455 1332 1510 sunt
1354 1445 1417 1508 do·

296 1537 463 1602 mestica:
497 1538 588 1620 quod
619 1538 689 1600 sint
712 1537 958 1616 ecclesiastica,
983 1548 1125 1603 constat
1156 1559 1202 1604 ex
1232 1539 1300 1602 illis
1330 1559 1418 1622 quae

296 1652 399 1716 supra
417 1633 460 1696 de
477 1631 581 1696 Cultu
597 1631 724 1695 Divino
742 1629 789 1713 (n.
806 1631 982 1716 221-227),
996 1631 1088 1719 dieta
1105 1643 1141 1698 et
1159 1643 1301 1698 ostensa
1316 1644 1416 1712 sunt;

296 1727 387 1812 quod
411 1727 533 1816 civilia,
554 1748 601 1790 ex
629 1726 697 1790 illis
715 1747 802 1809 quae
829 1728 872 1790 de
903 1727 1140 1808 Regiminibus
1169 1731 1203 1793 in
1232 1728 1340 1794 Caelo
1368 1728 1416 1808 (n.

296 1821 480 1906 213-220);
505 1832 541 1888 et
560 1821 650 1905 quod
670 1821 875 1898 domestica,
895 1822 1024 1886 exiliis
1044 1843 1131 1906 quae
1154 1825 1197 1888 de
1215 1823 1417 1890 Habitatio·

296 1919 394 1982 nibus
410 1927 447 1982 et
463 1916 699 1982 Mansionibus
715 1917 933 1998 Angelorum
951 1915 999 2002 (n.
1020 1917 1191 2002 183-190),
1208 1927 1244 1983 et
1264 1919 1307 1982 de
1323 1918 1416 1984 Con·

295 2013 394 2098 jugiis
417 2014 451 2076 in
470 2011 576 2076 Caelo
597 2011 645 2094 (n.
666 2011 848 2095 366-386):
880 2013 969 2076 inde·
982 2023 1093 2096 patet,
1113 2014 1205 2098 quod
1224 2011 1416 2078 iundtiones

295 2119 331 2174 et
359 2109 673 2173 administrationes
699 2108 790 2172 intra
817 2109 972 2191 quamvis
998 2110 1205 2174 societatem
1227 2109 1416 2174 caelestem

295 2207 364 2270 sint
383 2204 508 2288 plures.

357 2300 462 2382 389.
491 2297 616 2364 Omnia
648 2298 683 2362 in
713 2297 818 2362 caelis
847 2298 1037 2364 secundum
1068 2298 1230 2364 Divinum
1260 2300 1415 2365 ordinem

295 2397 455 2461 instituta
477 2403 566 2470 sunt,
586 2394 643 2478 qui
666 2394 861 2458 custoditur
883 2395 992 2458 ubivis
1015 2415 1076 2477 per
1097 2396 1416 2460 administrationes

294 2493 339 2556 ab
356 2488 510 2572 angelis;
534 2509 554 2552 a
576 2489 840 2572 sapientioribus
859 2489 920 2552 illa
938 2509 1025 2572 quae
1044 2491 1238 2554 communis
1256 2491 1338 2554 boni
1356 2499 1415 2554 aut

295 2607 374 2652 usus
398 2594 489 2658 sunt,
513 2603 535 2649 a
568 2585 679 2648 minus
702 2584 916 2665 sapientibus
939 2583 1275 2666 quae'particularis,
1299 2593 1335 2648 et
1367 2585 1415 2648 sic

295 2700 418 2766 porro:
453 2677 676 2742 subordinata
699 2687 790 2754 sunt,
814 2699 952 2761 prorsus
975 2681 1062 2743 sicut
1090 2680 1123 2742 in
1148 2678 1275 2743 Divino
1296 2679 1415 2744 ordine

294 2775 507 2842 subordinati
534 2783 614 2838 sunt
644 2794 733 2838 usus.
780 2773 865 2838 Inde
896 2794 1032 2856 quoque
1063 2775 1227 2838 unicuivis
1249 2772 1415 2838 iunftioni

295 2868 454 2954 adjundia
487 2878 541 2934 est
576 2868 731 2950 dignitas
764 2870 951 2933 secundum
980 2870 1188 2951 dignitatem
1222 2889 1312 2932 usus.
1364 2867 1415 2931 At

295 2987 399 3051 usque
422 2963 565 3046 angelus
590 2983 659 3028 non
681 2964 890 3046 dignitatem
913 2965 976 3028 sibi
998 2966 1160 3040 vindicat,
1184 2964 1247 3028 sed
1277 2983 1415 3028 omnem

294 3063 355 3126 dat
375 3061 469 3139 usui;
496 3069 533 3123 et
552 3059 631 3142 quia
650 3079 729 3122 usus
746 3068 800 3122 est
819 3059 947 3122 bonum
964 3059 1056 3142 quod
1075 3067 1241 3140 praestat,
1258 3068 1294 3122 et
1313 3076 1415 3122 omne

295 3159 423 3224 bonum
446 3165 501 3222 est
530 3175 551 3218 a
580 3155 743 3230 Domino,
767 3155 846 3218 ideo
868 3173 1006 3218 omnem
1029 3155 1090 3218 dat
1114 3153 1274 3218 Domino.
1320 3152 1413 3235 Qua·

295 3264 435 3337 propter
453 3252 510 3334 qui
528 3251 664 3331 cogitat
683 3250 726 3314 de
749 3249 880 3314 bonore
899 3268 961 3331 pro
984 3269 1020 3312 se
1043 3258 1080 3313 et
1103 3249 1182 3314 inde
1201 3269 1264 3331 pro
1287 3269 1358 3322 usu,
1379 3257 1415 3310 et

295 3369 363 3413 non
383 3368 444 3430 pro
463 3367 525 3410 usu
543 3355 579 3410 et
598 3345 678 3409 inde
697 3365 759 3428 pro
778 3365 827 3420 se,
844 3364 913 3407 non
930 3353 1047 3424 potest
1063 3343 1157 3425 iungi
1173 3343 1288 3426 aliquo
1303 3341 1415 3406 officio

295 3445 326 3508 in
350 3443 460 3519 caelo,
483 3442 562 3526 quia
584 3437 719 3524 spectat
742 3449 836 3504 retro
858 3459 880 3502 a
902 3438 1065 3513 Domino,
1088 3459 1126 3502 se
1150 3439 1259 3520 primo
1278 3438 1357 3502 loco
1380 3450 1415 3501 et

294 3559 391 3604 usum
407 3538 570 3602 secundo.
608 3535 693 3600 Cum
709 3535 832 3600 dicitur
848 3555 939 3610 usus,
951 3533 1156 3616 intelligitur
1171 3535 1277 3597 etiam
1295 3533 1414 3596 Domi-

295 3655 368 3710 nus,
386 3635 475 3717 quia‚
499 3642 537 3697 ut
560 3651 645 3696 mox
667 3651 770 3715 supra
792 3628 921 3696 dictum
944 3639 1011 3706 est,
1030 3649 1110 3694 usus
1132 3637 1188 3693 est
1211 3627 1351 3704 bonum,
1376 3647 1414 3692 ac

294 3731 422 3794 bonum
444 3738 499 3794 est
521 3749 542 3792 a
561 3727 721 3792 Domino.

1420 3843 1426 3900 l

684 3923 734 3977 [ln
745 3932 843 3965 numnis
855 3920 1024 3974 mummi]

348 4031 383 4100 (Ι)
439 4029 500 4084 uod
516 4043 641 4099 regnum
659 4025 782 4081 Domini
798 4025 837 4081 sit
852 4039 976 4096 regnum
992 4039 1100 4078 usuum
1120 4023 1161 4092 (n.
1175 4019 1415 4097 453[?45a1,696,

297 4115 440 4226 1¹0³’tlocl
442 4113 562 4226 ss’ellrlie
571 4099 708 4224 7llc3>lrlino
721 4169 761 4224 sit
773 4182 845 4222 usus
858 4175 1009 4236 praestare
1024 4165 1064 4232 (n.
1077 4163 1169 4234 7038).
1440 4143 1445 4154 ”

377 4243 437 4297 uod
451 4257 556 4297 omnes
570 4240 600 4295 in
613 4241 709 4295 altera
720 4233 784 4294 vita
798 4253 871 4292 usus
887 4245 1038 4306 praestare
1051 4235 1184 4290 debeant
1198 4235 1239 4302 (n.
1256 4233 1345 4303 1103).

378 4312 437 4367 uod
450 4311 541 4368 etiam
557 4311 627 4366 mali
641 4308 856 4393 etinlernales,
870 4307 924 4364 sed
940 4305 1094 4378 quomodo
1109 4309 1150 4374 (n.
1163 4304 1239 4374 696).
1306 4365 1310 4374 ⁴

377 4385 437 4467 uod
450 4399 557 4438 omnes
569 4383 645 4436 tales
657 4389 727 4442 sint,
740 4379 843 4452 quales
856 4387 927 4433 sunt
940 4393 1012 4432 usus
1025 4393 1102 4448 quos
1116 4385 1269 4449 praestant
1283 4378 1325 4444 (n.
1337 4388 1416 4446 4054,

294 4455 441 4650 Eglbuolll
444 4451 754 4664 llusetargilbiglalingel30c3t181b
768 4519 915 4576 consistat
930 4519 961 4574 in
976 4518 1064 4574 bonis
1079 4515 1244 4580 charitatis,
1258 4515 1300 4572 ita
1314 4515 1342 4572 in
1357 4517 1415 4571 usi·

317 4613 352 4652 us
366 4607 504 4667 praestan
529 4611 553 4652 rs
580 4611 607 4650 n.
621 4608 696 4664 454.
