3382 5358
548 627 598 678 Du
621 626 801 692 LOQUELA
824 630 1075 685 ANGELORUM.
1318 639 1375 706 137

254 815 331 862 cum
354 797 523 862 sistuntur
546 799 664 874 videri,
688 801 778 865 sicut
801 803 913 866 tenuis
936 805 1028 868 unda
1050 825 1110 869 seu
1133 809 1376 892 atmosphaera

254 891 499 970 circumfluens,
513 895 547 958 in
564 916 630 978 qua
646 906 726 960 sunt
743 897 1004 962 innumerabilia
1020 900 1053 962 in
1070 920 1132 966 suo
1144 903 1273 978 ordine,
1287 924 1375 986 quae

253 1009 297 1052 ex
314 990 485 1072 sapientia
500 989 646 1067 illorum,
663 1000 699 1055 et
717 1012 804 1076 quae
821 993 952 1058 intrant
968 995 1107 1058 alterius
1123 999 1373 1078 cogitationem

253 1096 288 1153 et
307 1083 469 1148 afficiunt.
516 1083 620 1150 ideae
640 1087 865 1170 cogitationis
880 1088 1026 1170 cujusvis
1046 1099 1118 1154 tam
1137 1092 1252 1174 angeli
1271 1113 1373 1175 quam

253 1180 400 1246 hominis
416 1181 582 1247 sistuntur
600 1181 769 1249 videndae
792 1183 827 1249 in
850 1181 926 1248 luce
946 1183 1043 1258 caeli,
1065 1186 1204 1268 quando
1223 1185 1374 1250 Domino

253 1273 422 1358 placete>

315 1384 408 1454 241·
438 1371 568 1454 Angeli
580 1373 637 1456 qui
653 1393 672 1436 e
688 1391 797 1455 regno
809 1371 951 1438 caelesti
970 1373 1110 1438 Domini
1123 1383 1214 1450 sunt,
1228 1374 1372 1460 loquun-

253 1478 308 1534 tur
326 1465 483 1534 similiter
502 1477 539 1532 ut
559 1467 676 1549 angeli
694 1469 750 1550 qui
769 1489 788 1532 e
806 1488 917 1550 regno
936 1469 1106 1550 spirituali
1126 1471 1265 1535 Domini
1281 1493 1288 1547 ;
1312 1473 1373 1536 sed

253 1562 367 1644 angeli
386 1561 557 1630 caelestes
576 1583 621 1628 ex
641 1563 802 1628 interiore
818 1564 1032 1645 cogitatione
1051 1585 1153 1648 quam
1169 1566 1284 1648 angeli
1303 1568 1372 1648 spi-

252 1657 392 1724 rituales
407 1680 415 1736 ;
439 1669 476 1722 et
491 1659 570 1741 quia
582 1658 698 1740 angeli
714 1658 885 1724 caelestes
901 1659 936 1722 in
952 1659 1044 1722 bono
1060 1662 1185 1724 amoris
1201 1661 1233 1723 in
1252 1661 1372 1726 Domi·

254 1773 332 1816 num
362 1763 452 1828 sunt,
477 1753 662 1835 loquuntur
691 1774 737 1816 ex
767 1754 946 1836 sapientia,
972 1763 1007 1818 et
1038 1755 1153 1836 angeli
1180 1757 1373 1838 spirituales

253 1849 330 1932 quia
352 1849 386 1912 in
409 1849 501 1912 bono
520 1847 699 1911 charitatis
718 1867 800 1929 erga
815 1850 1121 1930 ,proximum-sunt,
1142 1850 1232 1932 quod
1255 1851 1290 1912 in
1313 1871 1373 1916 sua

252 1945 403 2008 essentia
426 1952 480 2006 est
503 1962 621 2006 verum
647 1941 694 2026 (n.
722 1941 813 2026 215),
837 1942 1024 2026 loquuntur
1053 1965 1099 2008 ex
1126 1944 1382 2027 intelligentia„

253 2058 331 2104 nam
364 2059 410 2102 ex
443 2038 536 2102 bono
559 2047 612 2102 est
643 2038 824 2119 sapientia,
859 2047 895 2102 et
928 2059 974 2102 ex
1007 2059 1090 2102 vero
1118 2039 1371 2122 intelligentia:

253 2135 332 2204 inde
352 2133 490 2216 loquela
509 2132 711 2214 angelorum
731 2131 935 2198 caelestium
958 2140 1012 2196 est
1035 2134 1142 2196 instar
1161 2133 1248 2198 lenis
1271 2133 1371 2210 fluvii,

253 2227 366 2292 mollis
385 2239 421 2292 et
444 2228 540 2312 quasi
559 2227 735 2302 continua,
755 2227 816 2290 sed
836 2226 974 2309 loquela
992 2227 1194 2309 angelorum
1214 2229 1372 2310 spiritua-

253 2325 333 2386 lium
365 2333 418 2390 est
448 2322 586 2405 paulum
615 2317 800 2386 vibratoria
830 2330 866 2386 et
895 2321 1067 2386 discreta:
1102 2322 1208 2386 etiam
1236 2323 1374 2406 loquela

252 2418 453 2501 angelorum
470 2417 671 2482 caelestium
685 2426 788 2480 sonat
805 2415 952 2480 multum
968 2438 1014 2480 ex
1031 2417 1206 2482 vocalibus
1223 2417 1256 2482 U
1272 2428 1308 2482 et
1329 2415 1371 2492 Ο,

253 2526 288 2580 at
320 2513 456 2596 loquela
478 2513 680 2594 angelorum
703 2511 931 2593 spiritualium
955 2533 999 2576 ex
1024 2512 1199 2576 vocalibus
1222 2512 1253 2576 E
1276 2522 1312 2576 et
1336 2512 1372 2590 1;

253 2609 391 2676 vocales
410 2609 501 2674 enim
517 2616 598 2672 sunt
618 2627 680 2689 pro
699 2627 796 2682 sono,
814 2616 850 2672 et
870 2607 903 2672 in
923 2627 1010 2670 sono
1026 2617 1081 2672 est
1100 2605 1256 2684 affecii03
1280 2626 1371 2682 nam,

253 2716 291 2770 ut
319 2724 422 2786 supra
442 2701 489 2782 (n.
514 2701 591 2785 236)
616 2699 745 2768 dictum
775 2712 841 2775 est,
862 2722 967 2766 sonus
990 2701 1148 2786 loquelae
1170 2701 1373 2784 angelorum

253 2799 502 2882 correspondet
526 2795 708 2872 affectioni,
729 2807 765 2862 et
789 2797 1051 2862 articulationes
1075 2799 1161 2873 soni,
1182 2818 1269 2880 quae
1292 2806 1374 2862 sunt

253 2915 367 2969 voces,
381 2894 654 2976 correspondent
670 2893 754 2957 ideis
771 2893 996 2974 cogitationis
1013 2913 1099 2975 quae
1119 2914 1164 2956 ex
1183 2889 1372 2956 affet'tione.

255 2989 427 3071 Quoniam
446 2987 585 3054 vocales
608 3007 678 3052 non
697 2987 874 3070 pertinent
897 2987 941 3052 ad
965 2986 1129 3068 linguam,
1150 2986 1212 3050 sed
1234 2988 1278 3050 ad
1302 2985 1373 3050 ele·

254 3087 429 3152 vationem
447 3103 571 3150 vocum
590 3083 661 3165 ejus
680 3102 740 3166 per
759 3101 881 3148 sonum
904 3081 949 3144 ad
972 3083 1084 3145 varias
1102 3078 1299 3146 affedtiones
1318 3102 1370 3145 se·

254 3179 402 3245 cundum
426 3178 573 3260 cujusvis
591 3187 733 3252 statum,
753 3177 833 3241 ideo
855 3177 889 3240 in
913 3175 1031 3256 lingua
1055 3175 1216 3240 Hebraea
1234 3176 1373 3240 vocales

255 3296 322 3340 non
346 3295 533 3358 expressae
556 3283 648 3349 sunt,
672 3282 708 3338 et
738 3293 873 3356 quoque
896 3272 989 3335 varie
1012 3272 1243 3336 enuntiantur.
1268 3262 1374 3336 'Inde

254 3371 368 3452 angeli
395 3378 613 3452 cognoscunt
646 3367 746 3451 quale
773 3367 922 3430 hominis
955 3365 1069 3448 quoad
1092 3363 1307 3430 affectionem
1336 3374 1374 3430 et

254 3484 416 3533 amorem.
461 3463 617 3546 Loquela
639 3461 841 3544 angelorum
864 3459 1065 3526 caelestium
1088 3469 1143 3525 est
1165 3460 1271 3525 etiam
1293 3459 1372 3522 abs-

658 3690 697 3741 (α
709 3699 806 3732 nucum
819 3686 984 3741 mmm.)

310 3809 363 3877 (oo)
390 3805 479 3878 Quod
494 3806 523 3860 ln
538 3823 597 3860 una
610 3806 677 3860 idea
686 3803 880 3875 cogitationis
894 3802 1123 3858 innumerabilia
1135 3801 1228 3856 insint
1242 3803 1283 3872 (n.
1299 3801 1374 3864 1008,

258 3879 334 3948 1869,
347 3878 427 3947 4946,
440 3877 511 3948 6613
529 3877 608 3945 6615,
622 3875 701 3941 6617,
714 3875 807 3942 6618).
1298 3909 1302 3930 r

308 3947 398 4021 Quod
414 3949 499 4003 ideae
511 3947 705 4032 cogitationis
719 3945 850 4000 hominis
863 3945 1036 4014 aperiantur
1051 3943 1080 3996 in
1097 3943 1192 3998 altera
1203 3943 1274 4004 vita,
1287 3956 1319 3998 et
1336 3945 1374 3998 ad

255 4020 357 4075 vivum
371 4019 516 4074 sistantur
527 4018 685 4079 videndae,
698 4017 801 4088 quales
815 4025 886 4070 sunt
901 4017 940 4080 (n.
957 4013 1032 4084 1869,
1047 4029 1124 4083 5510,
1140 4015 1230 4083 5510).

338 4090 421 4144 uales
432 4099 577 4159 apparent
591 4089 631 4157 (n.
644 4087 741 4156 62011?
750 4086 841 4154 6200].
855 4085 946 4154 8885).

338 4161 399 4215 uod
419 4159 503 4214 ideae
522 4159 695 4231 angelorum
712 4157 810 4212 intimi
824 4157 898 4212 caeli
917 4165 1081 4227 appareant
1099 4155 1195 4210 instar
1206 4153 1280 4209 lucis
1292 4153 1376 4210 flam·

257 4233 400 4374 maguprd
409 4229 511 4356 61110510
534 4299 710 4371 angelomm
730 4298 828 4353 ultimi
848 4297 923 4353 caeli
946 4305 1111 4368 appareant
1136 4295 1231 4350 instar
1250 4295 1374 4350 nubium

256 4373 393 4428 tenuium
405 4371 600 4426 candidarum
615 4371 655 4439 (n.
667 4369 760 4438 6614).

314 4443 385 4498 ides
396 4443 462 4497 uisa
473 4443 580 4514 angeli.
591 4457 608 4496 e
620 4457 680 4524 qua
692 4440 820 4495 radiatio
829 4440 867 4494 ad
882 4439 1045 4494 Dominum
1061 4439 1101 4504 (n.
1113 4436 1207 4502 6620).

311 4513 401 4588 Quod
418 4513 502 4568 ideae
517 4511 710 4584 cogitationis
725 4527 758 4566 se
772 4511 938 4566 extendant
952 4509 1050 4581 ample
1066 4509 1096 4562 in
1112 4507 1272 4563 societates
1286 4521 1376 4579 ange·

259 4587 354 4641 lorum
369 4584 561 4642 circumcirca
575 4586 615 4649 (n.
629 4581 811 4652 6598-6613).
