3382 5358
591 669 644 724 DE
662 669 881 722 SCRIPTURIS
904 668 946 720 IN
969 666 1105 720 CAELO.

771 1046 936 1134 [xx1x.]

581 1235 640 1300 Du
663 1232 888 1300 Scaurums
910 1247 953 1300 m
977 1231 1119 1299 Caeso.

350 1419 449 1504 258·
479 1416 569 1501 Quia
590 1418 725 1501 angelis
747 1427 802 1482 est
825 1417 973 1501 loquela,
998 1425 1033 1480 et
1059 1416 1195 1500 loquela
1217 1434 1335 1482 eorum
1358 1423 1410 1479 est

287 1513 425 1616 loquela
447 1534 582 1588 vocum,
606 1515 684 1577 ideo
706 1513 772 1576 illis
795 1533 928 1596 quoque
955 1513 1143 1596 scripturae
1167 1523 1267 1590 sunt;
1293 1521 1329 1574 et
1352 1531 1409 1592 per

287 1611 473 1693 scripturas
492 1609 692 1691 exprimunt
710 1609 814 1672 animi
833 1607 883 1670 sui
902 1626 1005 1670 sensa
1023 1627 1130 1690 aeque
1149 1627 1189 1670 ac
1213 1625 1273 1688 per
1291 1605 1409 1688 loque-

288 1705 368 1768 lam.
409 1703 606 1787 Aliquoties
617 1703 699 1767 mihi
712 1703 835 1766 missae
846 1712 925 1766 sunt
936 1702 1077 1766 chartae
1088 1711 1253 1765 exaratae
1266 1702 1411 1782 scriptu·

288 1801 344 1876 ris,
368 1820 506 1882 prorsus
529 1799 617 1862 sicut
641 1798 782 1862 chartae
806 1817 908 1861 manu
932 1798 1082 1878 scriptae
1105 1806 1140 1860 et
1164 1816 1298 1878 quoque
1322 1796 1410 1858 sicut

287 1895 379 1977 typis
390 1893 552 1976 vulgatae
569 1893 603 1956 in
619 1892 748 1956 mundo
762 1913 770 1971 ;
794 1893 897 1956 etiam
913 1891 989 1955 illas
1006 1891 1121 1973 legere
1137 1891 1233 1973 potui
1244 1889 1409 1964 similiter,

287 1989 347 2052 sed
378 2009 447 2052 non
476 1987 571 2052 licuit
594 1987 691 2070 plura
714 1989 793 2051 inde
817 1987 950 2050 haurire
973 2007 1075 2068 quam
1098 2005 1201 2049 unum
1220 1985 1411 2049 alterumve

288 2104 447 2162 sensum;
482 2105 585 2146 causa
608 2093 692 2158 erat,
716 2084 795 2165 quia
818 2103 887 2146 non
918 2103 964 2146 ex
985 2081 1111 2145 Divino
1134 2083 1253 2144 ordine
1276 2089 1329 2143 est
1351 2099 1411 2160 per

288 2181 416 2262 scripta
435 2179 558 2242 erudiri
577 2200 595 2242 e
614 2179 723 2254 caelo,
743 2179 804 2242 sed
824 2197 883 2260 per
902 2176 1067 2252 Verbum,
1087 2177 1246 2260 quoniam
1266 2195 1326 2258 per
1343 2175 1409 2238 hoc

288 2273 399 2338 solum
422 2278 483 2338 est‘
499 2275 765 2338 communicatio
787 2283 823 2336 et
846 2269 1042 2354 conjunttio
1061 2271 1146 2335 caeli
1169 2291 1246 2334 cum
1270 2271 1409 2344 munde,

287 2371 336 2433 ita
355 2370 494 2433 Domini
514 2388 591 2432 cum
610 2367 757 2432 homine.
804 2365 906 2449 Quod
926 2365 1065 2431 chartae
1088 2367 1121 2430 in
1146 2365 1242 2430 caelo
1261 2367 1409 2448 scriptae

288 2465 393 2528 etiam
409 2464 627 2546 apparuerint
647 2462 835 2545 prophetis,
853 2471 993 2526 constat
1009 2461 1099 2544 apud
1115 2459 1344 2524 Ezechielem:

338 2598 430 2650 “Cum
448 2600 606 2663 aspicerem,
618 2613 680 2648 ecce
698 2612 794 2647 manus
810 2612 828 2646 a
844 2597 941 2660 spiritu
958 2597 1059 2646 emissa
1075 2597 1110 2646 ad
1128 2611 1179 2654 me,
1193 2603 1220 2644 et
1238 2595 1266 2644 in
1284 2610 1317 2644 ea
1333 2595 1410 2644 volu·

419 2679 481 2714 men
492 2665 560 2722 libri,
570 2665 641 2728 quod
651 2663 796 2726 explicavit
805 2663 833 2713 iu
843 2659 990 2726 conspectu
999 2675 1061 2712 meo
1071 2675 1077 2722 ;
1089 2672 1147 2711 erat
1156 2661 1284 2725 scriptum
1294 2676 1311 2710 a
1320 2660 1408 2711 trente

418 2739 445 2780 et
456 2745 474 2779 a
485 2740 562 2792 tergo
571 2729 586 2750 ”
598 2730 635 2790 (ii.
647 2744 671 2793 9,
685 2729 734 2790 tola

288 2875 324 2932 et
343 2865 432 2948 apud
452 2864 654 2940 Jolannem,

338 2981 424 3032 “Vidi
438 2982 472 3030 ad
486 2981 609 3030 dextram
624 2980 697 3043 Ejus,
710 2981 755 3044 qui
769 2980 905 3030 insidebat
919 2981 1026 3040 throno,
1039 2981 1136 3030 librum
1149 2981 1277 3042 scriptum
1294 2980 1367 3030 intus
1381 2988 1408 3029 et

418 3062 435 3096 a
446 3057 532 3109 tergo,
544 3047 717 3108 obsignatum
730 3045 827 3108 sigillis
840 3055 943 3109 septem
952 3045 966 3065 '¹
979 3045 1065 3110 (Apoc.
1078 3061 1103 3095 v.
1118 3046 1148 3108 x).

350 3214 446 3283 239.
478 3197 580 3283 Quod
610 3202 644 3264 in
671 3199 774 3264 caelis
797 3201 985 3282 scripturae
1009 3201 1088 3276 sint,
1113 3201 1287 3282 provisum
1310 3210 1407 3264 esta

288 3295 437 3360 Domino
453 3307 594 3377 propter
609 3295 773 3370 Verbum,
792 3313 872 3358 nam
888 3295 921 3358 id
940 3296 974 3358 in
993 3315 1054 3358 sua
1069 3295 1221 3359 essentia
1237 3305 1291 3358 est
1311 3295 1406 3358 Divi-

287 3410 367 3454 num
387 3389 529 3466 Verum,
550 3412 595 3454 ex
625 3411 694 3473 quo
721 3391 831 3454 omnis
861 3390 1032 3471 sapientia
1060 3389 1220 3453 caelestis
1249 3399 1303 3454 est
1333 3399 1406 3454 tam

286 3485 480 3549 hominibus
496 3506 597 3568 quam
613 3485 764 3567 angelis:
790 3494 844 3548 est
860 3487 951 3548 enim
966 3487 1001 3548 id
1017 3482 1183 3548 didiatum
1199 3506 1220 3548 a
1236 3485 1405 3563 Domino;

286 3590 323 3644 et
346 3582 438 3664 quod
461 3578 612 3644 didtatur
633 3601 654 3644 a
677 3581 828 3645 Domino
851 3581 977 3644 transit
1000 3600 1122 3643 omnes
1141 3580 1256 3644 caelos
1274 3582 1404 3656 ordine,

286 3695 326 3740 ac
343 3678 549 3740 terminatur
562 3677 651 3759 apud
669 3675 854 3739 hominem.
889 3675 974 3739 Inde
991 3685 1045 3739 est
1061 3675 1145 3738 illud
1161 3677 1405 3739 accommoda·

286 3781 359 3833 tum
384 3780 455 3834 tam
475 3772 665 3852 sapientiae
688 3771 722 3834 in
746 3791 812 3853 qua
835 3780 915 3834 sunt
934 3769 1061 3852 angeli,
1081 3788 1183 3852 quam
1205 3769 1405 3852 intelligen-

286 3866 354 3928 tiae
373 3866 406 3927 in
422 3885 488 3947 qua
504 3876 584 3929 sunt
601 3865 766 3930 homines,
812 3865 870 3928 Ex
886 3886 928 3930 eo
943 3875 1008 3940 est,
1022 3866 1114 3948 quod
1130 3864 1235 3928 etiam
1252 3863 1406 3929 Verbum

286 3961 330 4023 sit
349 3960 494 4041 angelis,
515 3971 550 4023 et
574 3961 665 4043 quod
689 3960 737 4022 illi
761 3979 869 4043 aeque
898 3960 933 4023 id
963 3959 1084 4042 legant
1112 3967 1150 4022 ut
1180 3958 1338 4022 homines
1371 3961 1405 4022 in

287 4063 397 4132 terra;
432 4075 477 4117 ex
500 4055 561 4118 illo
584 4055 689 4118 etiam
712 4052 917 4118 doetrinalia
939 4074 1056 4118 eorum
1076 4062 1174 4131 sunt;
1205 4061 1240 4116 et
1269 4073 1315 4116 ex
1345 4053 1405 4118 illo

267 4230 269 4234 y
286 4149 560 4230 praedicationes
573 4149 619 4212 ibi
632 4147 716 4212 fiunt
732 4146 780 4232 (n.
798 4146 888 4231 221).
930 4149 1027 4212 Idem
1039 4158 1094 4212 est
1107 4145 1272 4222 Verbum,
1286 4167 1404 4212 verum

286 4263 405 4307 sensus
435 4242 506 4325 ejus
530 4243 707 4319 naturalis,
732 4245 788 4327 qui
818 4253 872 4308 est
896 4262 1017 4307 sensus
1041 4242 1177 4306 litterae
1201 4241 1309 4317 nobis,
1335 4261 1405 4307 non

285 4349 338 4404 est
358 4341 391 4403 in
410 4339 520 4414 caelo,
538 4340 599 4403 sed
618 4349 672 4403 est
692 4359 812 4403 sensus
828 4337 1025 4422 spiritualis,
1041 4338 1099 4421 qui
1117 4347 1172 4401 est
1191 4357 1314 4400 sensus
1332 4336 1404 4420 ejus

285 4436 457 4498 internus:
488 4433 598 4517 qualis
620 4434 675 4498 hic
699 4453 820 4498 sensus
842 4443 908 4508 est,
931 4433 1088 4496 videatur
1109 4431 1143 4495 in
1167 4430 1333 4514 opusculo
1354 4431 1404 4498 De

285 4527 381 4612 Equo
398 4528 498 4604 Albo,
518 4529 563 4593 de
581 4549 649 4611 quo
667 4529 701 4592 in
720 4526 934 4610 Apocalypsi.

325 4625 428 4692 261).
459 4621 643 4707 Quondam
655 4625 759 4688 etiam
773 4622 817 4688 ad
833 4641 888 4688 me
904 4643 924 4687 e
939 4621 1037 4688 caelo
1050 4622 1155 4686 missa
1167 4631 1220 4688 est
1228 4621 1402 4700 chartula,
