3350 5366
327 605 388 686 338
647 619 698 671 ne
721 619 848 672 caeno
871 621 920 672 ar
942 619 1126 674 ruranuo.

325 799 381 854 tur
406 789 497 872 quod
526 785 657 854 facilius
686 791 732 855 sit
762 783 924 856 noctuam
956 792 991 856 in
1020 793 1217 858 columbam
1239 801 1384 872 vertere,
1408 807 1444 864 et

325 885 497 949 bubonem
513 886 547 948 in
564 903 664 950 avem
681 887 942 969 paradisiacam,
954 907 1057 971 quarn
1072 889 1273 954 infernalem
1289 893 1444 973 spiritum

324 979 358 1042 in
373 979 536 1062 angelum
552 980 650 1044 caeli.
695 979 798 1063 Quod
817 982 923 1046 homo
938 983 1019 1048 talis
1031 993 1171 1048 maneat
1187 995 1268 1067 post
1284 997 1443 1063 mortem,

324 1075 433 1158 qualis
448 1073 520 1156 ejus
543 1077 615 1139 vita
638 1075 748 1140 suerat
779 1078 813 1140 in
840 1079 981 1154 mundo,
1005 1079 1162 1143 videatur
1185 1099 1290 1162 supra
1318 1081 1353 1144 in
1372 1101 1445 1150 ,suo

323 1169 469 1234 articulo
488 1169 536 1252 (n.
554 1171 730 1254 470-484).
775 1171 833 1236 Ex
850 1173 904 1236 his
919 1193 1009 1238 nunc
1028 1183 1188 1238 constare
1207 1183 1336 1256 potest,
1353 1177 1444 1257 quod

323 1283 427 1330 nemo
444 1265 478 1328 in
497 1265 630 1330 caelum
650 1267 755 1351 recipi
772 1277 877 1352 queat
895 1287 944 1333 ex
962 1269 1164 1334 immediata
1182 1269 1425 1335 misericordia.

827 1743 934 1830 [LV-l

323 1922 436 2007 Quor>
466 1937 548 1990 uou
577 1940 661 1991 rau
692 1925 891 1992 Drrrrcrua
924 1941 984 1994 srr
1017 1941 1146 1994 nosue
1175 1928 1309 1993 Vrrnu
1338 1943 1442 2006 Quae

505 2035 622 2086 nucrr
645 2035 699 2086 nr>
722 2021 896 2099 Canuuu,
920 2037 1029 2088 srcur
1051 2035 1259 2088 cnemruu.

384 2203 483 2286 328·
513 2202 663 2286 Quidam
683 2206 840 2281 credunt,
860 2205 952 2289 quod
975 2225 1079 2287 agere
1102 2206 1210 2270 vitam
1234 2225 1321 2288 quae
1345 2205 1442 2272 ducit

322 2299 367 2361 ad
393 2299 538 2375 caelum,
563 2319 651 2382 quae
674 2301 748 2364 vita
770 2300 957 2382 spiritualis
979 2311 1135 2376 vocatur,
1158 2300 1296 2364 difficile
1318 2301 1376 2376 sit,
1395 2322 1441 2366 ex

322 2411 426 2456 causa
450 2393 528 2476 quia
550 2395 752 2459 audiverant
775 2397 866 2479 quod
896 2395 1001 2458 homo
1023 2395 1243 2460 abdicaturus
1273 2395 1319 2458 sit
1343 2413 1440 2458 mun·

321 2489 416 2562 dum,
440 2497 478 2553 et
507 2509 545 2554 se
573 2489 815 2572 deprivaturus
843 2491 1143 2574 concupiscentiis,
1166 2509 1254 2572 quae
1283 2489 1443 2554 dicuntur

320 2585 473 2665 corporis
491 2593 528 2648 et
551 2587 672 2660 carnis,
692 2596 729 2650 et
752 2586 845 2668 quod
863 2582 1012 2649 vidlurus
1031 2585 1242 2668 spiritualis;
1265 2605 1352 2668 quae
1371 2605 1441 2649 non

320 2677 423 2741 aliter
444 2679 584 2760 capiunt
615 2699 718 2762 quam
741 2681 833 2763 quod
863 2678 1019 2760 rejecturi
1048 2681 1119 2743 sint
1146 2681 1331 2755 mundana,
1354 2699 1442 2762 quae

322 2782 402 2836 sunt
425 2773 607 2856 praecipue
631 2775 773 2838 divitiae
796 2785 832 2839 et
855 2775 1017 2850 honores,
1041 2775 1121 2837 ituri
1142 2776 1308 2839 continue
1329 2775 1363 2838 in
1386 2775 1443 2858 pia

321 2868 547 2932 meditatione
560 2869 604 2932 de
620 2868 707 2944 Deo,
721 2869 764 2933 de
780 2869 903 2944 salute,
917 2879 954 2932 et
969 2870 1014 2932 de
1028 2871 1102 2932 vita
1114 2879 1265 2944 aeterna,
1279 2889 1318 2934 ac
1334 2871 1441 2934 vitam

321 2960 428 3026 acturi
447 2963 482 3026 in
501 2963 669 3044 precibus,
689 2965 724 3027 in
748 2961 896 3028 lestione
915 2963 1023 3027 Verbi
1046 2983 1086 3027 ac
1105 2965 1238 3048 piorum
1258 2965 1441 3042 librorum

321 3057 406 3121 haec
430 3067 554 3138 putant
577 3078 654 3121 esse
676 3058 836 3122 abdicare
859 3059 1034 3134 mundum,
1059 3079 1099 3122 ac
1130 3060 1244 3123 vivere
1266 3059 1386 3141 spiritu
1408 3069 1444 3122 et

321 3171 391 3216 non
404 3171 516 3216 carne.
561 3151 630 3216 Sed
647 3153 737 3235 quod
754 3173 808 3218 res
825 3171 961 3235 prorsus
977 3174 1014 3218 se
1029 3153 1129 3218 aliter
1144 3153 1285 3228 habeat,
1298 3173 1319 3216 a
1334 3153 1443 3218 multa

320 3248 547 3329 experientia,
568 3257 604 3311 et
627 3269 673 3312 ex
696 3247 929 3312 collocutione
949 3267 1026 3312 cum
1050 3249 1195 3330 angelis,
1216 3248 1302 3312 scire
1321 3249 1441 3312 datum

321 3354 398 3421 est;
426 3343 532 3406 immo
551 3343 642 3427 quod
665 3344 722 3427 qui
745 3343 909 3406 abdicant
933 3343 1096 3408 mundum
1119 3353 1156 3408 et
1178 3345 1298 3407 vivunt
1321 3343 1441 3426 spiritu

319 3458 362 3502 eo
381 3438 495 3513 modo,
513 3448 715 3521 comparent
731 3439 794 3501 sibi
813 3439 920 3501 vitam
937 3439 1083 3514 tristem,
1101 3458 1188 3520 quae
1207 3457 1276 3501 non
1295 3441 1442 3520 recepti·

319 3531 397 3597 bilis
409 3541 463 3596 est
475 3531 591 3613 gaudii
601 3532 772 3609 caelestis,
785 3551 865 3596 nam
877 3533 1137 3615 unumquemvis
1149 3553 1209 3596 sua
1221 3531 1293 3596 vita
1303 3545 1420 3598 manet
1432 3555 1440 3611 ;

319 3627 381 3694 sed
404 3636 442 3692 ut
471 3626 577 3691 homo
599 3627 708 3690 vitam
731 3627 819 3692 caeli
841 3628 996 3709 recipiat,
1013 3627 1105 3709 quod
1127 3625 1270 3690 omnino
1293 3624 1442 3690 victurus

319 3723 364 3787 sit
388 3722 422 3785 in
444 3722 584 3796 mundo,
604 3741 644 3786 ac
667 3723 702 3786 in
725 3722 846 3787 officiis
869 3732 905 3786 et
929 3724 1080 3804 negotiis
1103 3722 1160 3796 ibi,
1183 3731 1221 3785 et
1243 3722 1336 3804 quod
1359 3733 1441 3786 tunc

318 3837 381 3899 per
409 3816 518 3880 vitam
548 3817 713 3882 moralem
744 3827 780 3882 et
812 3817 946 3881 civilem
976 3817 1118 3900 recipiat
1148 3815 1373 3900 spiritualem,
1404 3827 1441 3880 et

318 3911 411 3996 quod
426 3931 497 3976 non
515 3910 617 3977 aliter
634 3913 708 3976 vita
730 3911 916 3994 spiritualis
932 3911 1023 3992 apud
1046 3909 1220 3976 hominem
1240 3911 1351 3992 possit
1372 3910 1440 3974 for·
1510 3929 1517 3940 ·

318 4007 415 4082 mari,
429 4026 490 4070 seu
508 4007 648 4090 spiritus
666 3998 947 4088 ejus'praeparari
966 4005 1010 4068 ad
1029 4004 1174 4069 caelum.
1219 4004 1309 4069 Nam
1325 4006 1441 4068 vivere

316 4103 487 4168 internam
506 4103 612 4166 vitam
632 4111 668 4166 et
688 4119 756 4166 uon
776 4097 878 4164 simul
894 4111 1088 4176 externam,
1106 4110 1160 4164 est
1176 4099 1264 4164 sicut
1283 4099 1440 4164 habitare

317 4197 351 4261 in
375 4197 480 4262 domo
502 4197 555 4260 cui
582 4205 730 4260 nonest
757 4195 1030 4271 fundamentum,
1054 4215 1141 4278 quae
1168 4197 1362 4260 successive
1384 4195 1439 4260 vel

315 4292 473 4368 subsidit,
489 4291 545 4356 vel
561 4291 665 4354 rimas
680 4290 775 4355 ducit
791 4300 828 4355 et
843 4289 928 4366 hiat,
942 4289 998 4354 vel
1014 4299 1114 4354 nutat
1131 4289 1334 4373 usquedum
1351 4290 1439 4354 dila·

315 4388 478 4564 musrbp·
509 4475 546 4546 Si
560 4479 635 4546 vita
649 4477 797 4546 bominis
813 4499 873 4563 per
887 4479 1108 4546 intuitionem
1120 4479 1327 4544 rationalem
1339 4498 1438 4562 spec·

313 4585 419 4654 tatur,
438 4586 475 4642 et
499 4575 714 4659 exploratur,
734 4575 945 4659 comperitur
967 4574 1059 4658 quod
1086 4575 1130 4639 sit
1156 4573 1298 4657 triplex,
1318 4591 1445 4658 nempe
