3408 5358
613 637 667 693 n!
688 635 884 703 CONJlJGllS
905 637 947 688 IN
969 637 1109 693 cauto.
1358 643 1422 710 239

300 799 359 882 Ex
376 800 432 866 his
449 809 560 884 patet,
579 807 672 885 quod
690 806 850 891 coniugia
873 808 907 872 in
930 808 1036 874 caelis
1054 827 1123 874 non
1142 810 1211 874 sint
1230 810 1320 874 sicut
1338 827 1422 874 con·

299 897 392 980 jugia
407 897 441 960 in
457 898 576 977 terris3
599 897 635 960 in
653 901 758 966 caelis
773 911 853 967 sunt
870 904 1010 984 nuptiae
1026 905 1233 986 spirituales,
1251 925 1338 988 quae
1353 923 1422 970 non

302 993 442 1074 nuptiae
472 993 652 1062 vocandae
679 1007 772 1074 sunt,
799 998 861 1062 sed
891 995 1151 1080 conjunctiones
1180 1001 1346 1062 mentium
1377 1019 1423 1063 ex

301 1087 461 1172 conjugio
483 1090 622 1156 boniet
645 1093 728 1167 veri,
749 1093 783 1154 in
807 1093 908 1156 terris
931 1103 1048 1156 autem
1071 1104 1153 1156 sunt
1176 1095 1325 1175 nuptiae,
1345 1095 1424 1176 quia

301 1201 370 1248 non
395 1184 506 1248 solum
525 1185 662 1267 spiritus
686 1195 778 1262 sunt,
802 1187 864 1252 sed
891 1187 997 1250 etiarn
1021 1188 1153 1250 carnis:
1188 1198 1224 1251 et
1251 1189 1329 1270 quia
1353 1207 1423 1250 non

301 1281 443 1360 nuptiae
459 1289 538 1343 saint
557 1281 591 1342 in
611 1280 728 1356 caelis,
746 1282 824 1345 ideo
843 1281 913 1344 bini
929 1281 1094 1363 conjuges
1113 1282 1159 1346 ibi
1178 1301 1246 1346 non
1263 1281 1424 1344 dicuntur

301 1375 445 1436 maritus
460 1383 495 1437 et
514 1395 612 1449 uxor,
629 1375 691 1438 sed
708 1375 834 1457 conjux
851 1375 993 1440 alterius
1011 1397 1057 1440 ex
1074 1377 1151 1440 idea
1166 1375 1324 1458 angelica
1340 1395 1423 1438 con-

299 1465 484 1547 iuntiionis
505 1470 647 1534 duarum
671 1472 838 1534 mentium
861 1471 895 1533 in
919 1489 1034 1546 unam,
1058 1479 1201 1534 vocatur
1222 1490 1310 1534 voce
1336 1489 1424 1552 quae

300 1563 473 1645 significat
504 1583 600 1626 suum
628 1574 783 1628 mutuum
812 1566 974 1628 vicissim.
1017 1564 1075 1628 Ex
1103 1566 1157 1628 his
1185 1567 1263 1628 sciri
1293 1574 1423 1647 potest,

300 1660 475 1740 quomodo
494 1658 723 1741 intelligenda
741 1669 822 1724 sunt
842 1659 981 1724 Domini
996 1661 1102 1724 verba
1120 1661 1165 1724 de
1184 1661 1312 1742 nuptiis
1330 1658 1422 1741 (Luc.

301 1750 392 1816 ‘lxx-
412 1768 463 1834 35,
485 1752 550 1835 ³6)-

364 1847 466 1930 383·
496 1846 683 1929 Quomodo
705 1847 866 1931 conjugia
894 1850 928 1912 in
959 1849 1065 1914 caelis
1087 1849 1275 1924 sociantur,
1299 1848 1423 1912 datum

300 1961 437 2026 quoque
456 1954 510 2006 est
529 1944 656 2006 videre.
702 1942 825 2007 Ubivis
848 1945 882 2006 in
905 1943 1004 2007 caelo
1021 1944 1264 2008 consociantur
1281 1942 1423 2018 similes,

300 2056 340 2100 ac
364 2037 594 2100 dissociantur
612 2037 817 2116 dissimiles3
840 2038 921 2102 inde
941 2039 1150 2120 unaquaevis
1168 2038 1318 2101 societas
1337 2037 1424 2100 caeli

301 2152 346 2196 ex
365 2131 532 2196 similibus
550 2133 730 2196 consistit:
754 2131 884 2196 similes
902 2133 947 2196 ad
970 2133 1099 2196 similes
1117 2132 1270 2196 seruntur
1289 2151 1359 2195 non
1377 2153 1423 2195 ex

301 2243 352 2290 se·
367 2227 429 2290 sed
456 2247 501 2290 ex
531 2226 684 2290 Domino
714 2225 887 2309 (videatur
909 2247 1021 2309 supra,
1041 2245 1075 2290 n.
1096 2242 1150 2304 41,
1168 2243 1222 2306 43,
1240 2243 1294 2304 44,
1313 2225 1421 2308 seq.):

300 2321 427 2402 pariter
442 2319 568 2402 conjux
585 2322 629 2384 ad
648 2320 842 2403 conjugem,
856 2340 998 2403 quorum
1014 2331 1151 2384 mentes
1167 2319 1328 2401 conjungi
1343 2341 1422 2402 pos·

300 2417 430 2480 suntin
447 2435 550 2479 unam
565 2437 573 2493 ;
596 2426 808 2498 quapropter
826 2417 870 2478 ad
889 2416 1036 2497 primum
1050 2413 1226 2497 asped'tum
1246 2435 1283 2478 se
1302 2416 1423 2478 intime

300 2519 430 2585 amant,
448 2519 484 2574 et
503 2509 622 2572 vident
642 2529 679 2572 se
697 2507 871 2590 conjuges,
891 2518 929 2572 et
947 2510 1067 2572 ineunt
1086 2506 1293 2589 conjugium.
1337 2507 1423 2570 Inde

300 2613 366 2679 est,
377 2604 468 2687 quod
485 2604 600 2667 omnia
616 2601 774 2684 conjugia
789 2601 876 2666 taeli
892 2604 961 2666 sint
977 2623 1022 2666 ex
1040 2601 1117 2666 solo
1132 2602 1292 2666 Domino.
1337 2601 1366 2666 F
1367 2623 1422 2665 es-

301 2707 375 2762 tum
394 2699 499 2762 etiam
515 2697 705 2773 celebrant,
722 2698 814 2779 quod
832 2695 870 2760 frt
889 2698 923 2760 in
943 2707 1118 2762 conventu
1134 2696 1279 2777 plurium
1295 2717 1303 2774 ;
1326 2695 1422 2760 sesti·

300 2794 428 2858 vitates
446 2791 607 2858 differunt
625 2793 660 2856 in
679 2793 916 2856 societatibus.

362 2888 464 2970 384.
497 2885 664 2969 Conjugia
687 2888 721 2950 in
744 2887 857 2961 terris,
877 2886 956 2969 quia
979 2895 1059 2952 sunt
1082 2885 1265 2952 seminaria
1287 2885 1423 2966 generis

300 2982 450 3057 humani,
467 2991 503 3044 et
522 3002 657 3065 quoque
673 2981 876 3062 angelorum
894 2980 992 3055 caeli,
1012 2979 1108 3062 (nam
1128 2989 1165 3044 ut
1188 2999 1290 3063 supra
1309 2980 1342 3041 in
1361 2999 1424 3042 suo

301 3076 447 3141 articulo
465 3085 645 3140 ostensum
675 3075 903 3152 canendum
933 3085 988 3140 est
1016 3096 1062 3138 ex
1091 3074 1242 3138 humano
1265 3071 1422 3156 genere)

301 3181 374 3236 turn
393 3173 474 3253 quia
500 3191 546 3236 ex
574 3171 744 3254 spirituali
763 3171 896 3252 origine
919 3179 1011 3245 sunt,
1032 3189 1157 3252 nempe
1187 3189 1234 3234 ex
1263 3167 1424 3249 conjugio

300 3267 382 3331 boni
400 3275 436 3330 et
455 3267 536 3341 veri,
557 3287 597 3330 ac
618 3267 780 3330 Divinum
800 3265 940 3330 Domini
957 3266 991 3328 in
1010 3263 1105 3328 illum
1125 3281 1278 3328 amorem
1297 3263 1423 3345 princi·

300 3362 425 3445 paliter
443 3360 563 3435 influit,
584 3361 662 3426 ideo
681 3361 901 3425 sanctissima
919 3369 1000 3424 sunt
1022 3378 1139 3423 coram
1159 3357 1293 3439 angelis
1312 3356 1422 3434 caeli;

301 3466 336 3520 et
355 3455 504 3520 vicissim
521 3455 702 3529 adulteria,
718 3455 797 3538 quia
815 3463 895 3517 sunt
912 3453 1087 3516 contraria
1103 3453 1210 3516 amori
1226 3449 1422 3531 conjugiali,

300 3548 500 3632 spetiantur
522 3551 567 3614 ab
586 3550 653 3612 illis
677 3559 714 3614 ut
737 3548 897 3630 profana:
932 3567 1012 3612 nam
1032 3546 1148 3628 angeli
1167 3548 1257 3610 sicut
1280 3547 1315 3608 in
1338 3563 1423 3608 con·

300 3645 400 3727 jugiis
423 3642 580 3726 spectant
604 3643 799 3725 conjugium
818 3644 900 3706 boni
922 3651 958 3706 et
982 3643 1063 3715 veri,
1084 3641 1175 3724 quod
1197 3649 1251 3704 est
1276 3638 1422 3712 caelum,

300 3741 349 3804 ita
368 3741 402 3803 in
418 3739 597 3803 adulteriis
615 3737 773 3820 speciant
792 3737 986 3818 conjugium
1002 3736 1078 3800 salsi
1094 3745 1130 3799 et
1150 3734 1242 3810 mali,
1260 3733 1352 3816 quod
1368 3743 1422 3796 est

300 3835 488 3898 infernum:
514 3843 722 3917 quapropter
739 3833 925 3894 dummodo
943 3832 1085 3894 audiunt
1103 3830 1269 3892 nominari
1285 3827 1421 3890 adulte·

300 3932 397 4006 rium,
414 3951 451 3992 se
471 3940 653 4006 avertunt,
677 3948 763 4010 quae
782 3928 886 3989 etiam
906 3936 959 3990 est
978 3945 1093 4000 causa,
1111 3925 1202 4007 quod
1222 3942 1299 3987 cum
1318 3923 1422 3985 homo

300 4023 507 4088 adulterium
533 4023 721 4086 committit
751 4041 796 4084 ex
820 4020 981 4102 jucundo,
1007 4019 1190 4082 claudatur
1213 4019 1243 4081 ei
1267 4017 1421 4094 caelum3

300 4141 368 4203 quo
398 4119 516 4183 clauso
546 4137 615 4180 non
644 4116 792 4198 amplius
814 4115 974 4196 agnoscit
1005 4113 1177 4188 Divinum,
1201 4131 1264 4176 nec
1294 4111 1422 4192 aliquid

300 4213 378 4278 fidei
401 4211 609 4279 ecclesiast)
655 4209 757 4292 Quod
781 4229 902 4273 omnes
929 4209 985 4292 qui
1013 4210 1047 4274 in
1077 4207 1212 4272 inferno
1234 4215 1326 4280 sunt,
1351 4206 1421 4268 sint

688 4429 738 4481 [(ιι
750 4439 848 4470 secans
859 4426 1030 4480 mummi]

355 4536 392 4677 g)
417 4532 506 4659 guod
520 4532 669 4618 adulteria
681 4531 743 4588 sint
756 4529 882 4602 prolana
896 4532 936 4597 (n.
949 4527 1028 4598 9961,
1045 4527 1151 4596 10174).

385 4621 424 4660 uo
459 4605 606 4660 adulteris
622 4603 779 4658 claudatur
790 4601 908 4658 caelum
924 4603 963 4668 (n.
979 4597 1056 4668 275[?
1070 4597 1176 4668 2750]).
