3350 5366
358 665 534 732 JUCUNDA
558 667 792 747 verecundus
817 669 859 720 IN
880 669 1266 724 CORRESPONDENTIA.
1335 677 1396 741 307

274 837 392 912 tuella,
415 840 573 904 videatur
596 857 708 924 supra,
733 861 765 906 n.
788 856 903 923 73-77,
923 851 959 908 et
988 863 1020 908 n.
1050 843 1217 924 453-4603
1249 854 1284 910 et
1316 843 1396 928 quid

273 937 579 1018 correspondentia
595 937 820 1018 spiritualium
837 958 913 1004 cum
930 939 1155 1014 naturalibus,
1170 961 1204 1018 n.
1219 938 1369 1024 87-115.)

335 1030 440 1114 48⁶.
470 1029 596 1095 Omnia
614 1030 775 1112 jucunda,
800 1053 886 1116 quae
909 1033 1051 1112 homini,
1072 1045 1153 1100 sunt
1176 1036 1301 1099 amoris
1324 1035 1396 1117 ejus

272 1127 463 1209 regnantis,
485 1145 564 1190 nam
592 1126 697 1192 homo
727 1129 810 1192 nihil
838 1129 930 1196 aliud
953 1131 1059 1196 sentit
1083 1129 1270 1212 jucundum
1294 1149 1395 1212 quam

272 1225 364 1310 quod
383 1232 489 1298 amat,
509 1223 559 1286 ita
577 1223 730 1288 maxime
748 1223 783 1288 id
802 1225 893 1307 quod
913 1245 1014 1308 super
1033 1227 1148 1290 omnia
1166 1236 1270 1291 amat.
1316 1224 1396 1290 Sive
1469 1218 1476 1232 '

272 1322 367 1386 dicas
385 1338 537 1383 amorem
554 1327 770 1400 regnantem,
788 1319 861 1385 sive
877 1320 912 1384 id
931 1321 1022 1404 quod
1041 1341 1143 1404 super
1158 1321 1273 1384 omnia
1288 1330 1394 1396 amat,

271 1419 361 1482 idem
381 1424 446 1478 est.
489 1413 645 1495 Jucunda
661 1414 721 1480 illa
736 1415 936 1492 suntvaria,
954 1416 1101 1480 totidem
1117 1413 1151 1480 in
1167 1435 1295 1498 genere
1311 1425 1395 1498 quot
1427 1413 1439 1436 ‘

271 1521 350 1577 sunt
370 1530 505 1574 amores
524 1519 725 1591 regnantes,
745 1511 888 1593 proinde
906 1520 991 1594 quot
1010 1511 1180 1588 homines,
1201 1511 1339 1593 spiritus
1358 1519 1394 1576 et

271 1606 407 1689 angeli3
431 1626 511 1669 nam
530 1607 629 1670 unius
645 1625 742 1670 amor
757 1626 908 1688 regnans
924 1627 993 1670 non
1014 1616 1068 1672 est
1088 1607 1284 1671 omnimode
1301 1607 1394 1672 simi-

271 1704 312 1766 lis
328 1702 479 1766 alterius.
525 1701 611 1765 Inde
626 1710 692 1776 est,
709 1701 801 1784 quod
820 1719 987 1784 nusquam
1003 1722 1141 1784 prorsus
1157 1701 1275 1766 similis
1290 1702 1394 1766 iacies

270 1801 327 1862 uni
351 1799 395 1861 slt
419 1817 505 1878 quae
524 1795 635 1871 alteri,
660 1813 740 1860 nam
762 1797 867 1860 facies
891 1806 944 1864 est
968 1797 1085 1878 imago
1107 1795 1255 1878 cujusvis
1277 1799 1392 1872 animi,

270 1903 305 1957 et
328 1895 362 1956 in
382 1892 511 1954 mundo
531 1890 696 1973 spirituali
720 1900 774 1955 est
797 1892 914 1974 imago
933 1889 1079 1972 cujusvis
1098 1893 1225 1956 amoris
1243 1911 1392 1974 regnan-

270 1990 326 2052 tis.
369 1987 526 2069 Jucunda
541 1985 687 2067 cujusvis
705 1986 739 2048 in
760 1987 874 2068 specie
894 1987 999 2050 etiarn
1015 1995 1096 2050 sunt
1115 1986 1268 2050 infinitae
1284 1988 1392 2050 varie·

269 2083 361 2156 tatis,
379 2101 442 2144 nec
462 2083 563 2144 datur
582 2100 685 2144 unum
705 2079 846 2162 alicujus
862 2077 1050 2162 jucundum
1067 2082 1265 2145 omnimode
1282 2081 1393 2146 simile

269 2187 329 2242 aut
348 2176 439 2240 idem
460 2195 537 2239 cum
556 2175 680 2250 altero,
700 2185 772 2238 tam
792 2196 880 2258 quae
899 2175 1090 2240 succedunt
1109 2196 1214 2240 unum
1237 2185 1318 2258 post
1341 2175 1391 2240 al·

269 2281 393 2346 terum,
417 2289 519 2352 quam
550 2291 637 2352 quae
660 2270 759 2332 simul
790 2279 870 2334 sunt
898 2289 1002 2334 unum
1033 2289 1110 2334 cum
1140 2271 1264 2347 altero,
1289 2291 1392 2334 unum

269 2368 359 2430 idem
380 2386 457 2430 curn
477 2365 591 2428 altero
614 2384 684 2428 non
708 2365 819 2428 datur.
865 2363 933 2430 Sed
953 2385 1059 2448 usque
1082 2363 1168 2430 haec
1185 2365 1334 2446 jucunda
1358 2367 1404 2430 in-
1446 2409 1447 2412 =

267 2463 381 2544 specie
400 2460 490 2541 apud
511 2460 771 2542 unumquemvis
791 2479 828 2524 se
847 2459 999 2524 referunt
1018 2459 1062 2524 ad
1082 2479 1186 2524 unum
1204 2459 1275 2541 ejus
1294 2479 1390 2524 amo·

267 2577 350 2631 rem,
371 2555 426 2638 qui
450 2565 504 2618 est
523 2575 619 2618 amor
637 2573 797 2635 regnans,
818 2553 914 2617 illum
932 2555 1023 2618 enim
1043 2565 1268 2637 componunt,
1288 2556 1391 2624 etsie

267 2670 370 2715 unum
384 2669 461 2713 cum
478 2649 539 2713 illo
550 2649 690 2713 faciunt.
737 2647 903 2712 Similiter
919 2651 1035 2714 omnia
1047 2647 1196 2730 jucunda
1212 2651 1245 2714 in
1263 2671 1391 2732 genere

267 2769 303 2810 se
333 2746 485 2810 referunt
515 2745 559 2807 ad
590 2763 694 2808 unum
725 2763 877 2808 amorem
897 2744 1138 2808 universaliter
1161 2755 1389 2826 regnantem;

266 2843 300 2905 in
320 2841 418 2904 caelo
437 2840 481 2904 ad
501 2859 653 2904 amorem
677 2840 710 2904 in
735 2838 932 2916 Dominum,
952 2848 989 2903 et
1012 2839 1047 2902 in
1069 2838 1202 2904 inferno
1225 2840 1270 2904 ad
1293 2859 1389 2905 amo·

265 2956 337 3002 rem
357 2937 417 2999 sui.

327 3030 425 3112 487·
457 3027 636 3112 Quaenam
678 3037 712 3092 et
730 3028 845 3111 qualia
864 3037 944 3091 sunt
961 3026 1111 3110 jucunda
1131 3029 1335 3111 spiritualia,
1356 3031 1389 3094 in

265 3145 352 3208 quae
375 3135 556 3188 vertuntur
576 3122 726 3204 jucunda
749 3123 919 3188 naturalia
942 3122 1089 3204 cujusvis
1120 3133 1199 3205 post
1230 3134 1388 3199 mortem,

264 3239 334 3282 non
347 3217 484 3282 aliunde
500 3219 576 3280 sciri
592 3225 710 3298 potest
724 3237 825 3300 quam
842 3238 888 3281 ex
905 3218 1051 3280 scientia
1066 3217 1389 3298 correspondentia-

263 3333 347 3377 rum.
394 3312 492 3376 Haec
516 3312 621 3375 docet
652 3313 685 3374 in
710 3332 848 3392 genere,
874 3312 964 3394 quod
989 3331 1058 3374 non
1082 3312 1208 3396 aliquid
1232 3313 1389 3378 naturale

263 3409 374 3482 detur,
391 3409 444 3470 cui
464 3427 533 3470 non
553 3406 730 3488 spirituale
747 3407 1005 3489 correspondet,
1024 3417 1060 3470 et
1079 3427 1214 3490 quoque
1230 3407 1334 3472 docet
1354 3409 1389 3472 in

262 3503 378 3586 specie
402 3503 575 3584 quodnam
602 3511 638 3565 et
669 3501 771 3582 quale
804 3501 838 3564 id
869 3501 960 3583 quod
985 3502 1244 3584 correspondet.
1292 3499 1387 3582 Qua-

262 3608 404 3680 propter
422 3599 478 3680 qui
497 3599 529 3660 in
550 3597 609 3660 illa
624 3597 771 3660 scientia
790 3606 857 3670 est,
874 3616 1086 3678 cognoscere
1107 3607 1225 3678 potest
1243 3617 1283 3660 ac
1303 3599 1388 3662 scire

260 3703 392 3757 statum
413 3713 510 3755 suum
530 3701 610 3774 post
634 3701 796 3765 mortem,
817 3691 922 3755 modo
944 3693 1031 3756 sciat
1050 3711 1147 3756 suum
1166 3711 1330 3768 amorem,
1351 3703 1386 3756 et

262 3787 371 3869 qualis
395 3787 453 3850 ille
476 3796 530 3850 est
554 3787 588 3849 in
612 3805 728 3849 amore
752 3785 992 3850 universaliter
1014 3796 1196 3868 regnante,
1217 3787 1260 3850 ad
1286 3807 1386 3870 quem

217 3879 218 3890 ’
262 3902 381 3946 omnes
398 3903 532 3946 amores
552 3904 588 3946 se
607 3882 770 3957 referunt,
787 3891 824 3944 ut
845 3901 927 3944 mox
945 3902 1046 3964 supra
1063 3877 1192 3945 didium
1209 3892 1274 3946 est.
1319 3879 1386 3946 Sed

261 3997 413 4043 amorem
434 3998 530 4042 suum
549 3987 754 4059 regnantem
775 3975 871 4050 scire,
890 3975 1100 4058 impossibile
1120 3987 1173 4040 est
1192 3977 1258 4040 illis
1278 3978 1333 4060 qui
1353 3978 1387 4043 in

261 4093 377 4136 amore
394 4075 444 4136 sui
460 4083 541 4136 sunt
556 4094 564 4151 ;
588 4074 666 4155 quia
683 4081 800 4135 amant
818 4091 888 4146 sua,
906 4083 942 4136 et
960 4073 1050 4136 mala
1066 4094 1127 4136 sua
1139 4083 1265 4136 vocant
1283 4074 1384 4148 bona,

260 4185 300 4230 ac
324 4166 424 4230 simul
448 4166 544 4242 salsa,
570 4187 657 4250 quae
681 4165 810 4238 lavent,
835 4175 872 4229 et
903 4187 963 4248 per
986 4187 1073 4248 quae
1096 4165 1302 4230 confirmant
1326 4187 1386 4230 sua

260 4259 361 4337 mala,
379 4271 507 4325 vocant
526 4281 627 4338 vera;
659 4269 695 4324 at
718 4281 836 4343 usque,
854 4261 881 4324 si
900 4260 1033 4334 volunt,
1054 4279 1100 4324 ex
1116 4259 1202 4334 aliis,
1219 4261 1275 4342 qui
1294 4261 1384 4342 sapi-

260 4367 360 4420 entes
387 4367 479 4430 sunt,
504 4365 649 4438 possunt
673 4357 771 4431 scire,
794 4356 956 4439 quoniam
982 4355 1030 4418 illi
1056 4354 1176 4418 vident
1201 4374 1288 4436 quae
1315 4363 1384 4418 no'n

259 4451 333 4530 ipsi.
379 4449 447 4514 Sed
478 4451 544 4515 hoc
572 4471 635 4514 nec
667 4449 704 4514 fit
734 4450 824 4533 apud
855 4449 946 4525 illos,
970 4449 1026 4532 qui
1056 4450 1105 4512 ita
1133 4448 1277 4513 inescati
1304 4459 1384 4514 sunt

260 4541 403 4608 ¹¹³amore
433 4547 496 4620 sui,
528 4554 564 4608 ut
598 4555 762 4628 respuant
792 4563 932 4610 omnem
951 4541 1144 4608 dodtrinam
1167 4543 1383 4625 sapientium,

260 4639 327 4725 Qui
346 4650 462 4705 autem
486 4641 519 4704 in
543 4661 659 4706 amore
679 4639 824 4705 caelesti
843 4649 935 4716 sunt,
955 4639 977 4704 ii
1000 4637 1168 4722 recipiunt
1187 4635 1383 4706 instrud'tio·
