3368 5356
292 623 340 690 88
616 635 668 689 na
685 635 813 691 casto
836 637 885 690 sn
906 637 1089 692 rnrsnno.

297 813 471 879 sinistrum
490 811 684 898 septentrio
695 833 704 894 ;
732 814 793 878 sed
815 813 882 878 hoc
902 815 981 898 quia
997 833 1102 897 aegre
1124 823 1242 898 potest
1259 831 1418 898 compre·

295 909 402 975 hendi
424 910 459 974 in
482 910 621 987 mundo,
641 929 688 974 ex
710 927 815 974 causa
836 912 914 994 quia
933 911 1038 974 homo
1055 912 1162 974 vertit
1179 910 1302 974 faciem
1320 929 1417 976 suam

296 1005 340 1069 ad
363 1023 502 1069 omnem
521 1004 672 1088 plagam,
691 1005 771 1070 ideo
789 1005 1030 1088 explicabitur.
1074 1003 1203 1070 Totum
1222 1005 1356 1070 caelum
1379 1025 1417 1070 se

296 1100 401 1166 vertit
420 1100 464 1164 ad
484 1099 671 1164 Dominum
691 1109 728 1165 ut
751 1101 795 1164 ad
818 1111 973 1165 centrum
993 1117 1091 1165 suum
1108 1119 1314 1180 commune;
1337 1101 1419 1164 inde·

294 1213 417 1260 ornnes
432 1194 548 1278 angeli
566 1215 604 1259 se
619 1195 699 1260 illuc
712 1205 872 1260 vertunt:
897 1195 988 1279 quod
1003 1196 1047 1259 ad
1066 1205 1223 1260 centrum
1236 1213 1418 1260 commune

296 1292 342 1356 sit
360 1293 472 1355 omnis
488 1287 630 1355 directio
645 1291 754 1355 etiam
773 1290 807 1354 in
827 1291 963 1368 tellure,
980 1303 1101 1355 notum
1120 1300 1196 1371 est;
1220 1299 1257 1355 at
1274 1288 1419 1355 directio

295 1387 330 1449 in
346 1387 445 1450 caelo
460 1384 574 1450 differt
592 1406 613 1449 a
631 1383 819 1450 direttione
835 1387 869 1450 in
886 1387 1024 1463 mundo,
1043 1386 1133 1470 quod
1153 1387 1187 1449 in
1204 1385 1302 1450 caelo
1317 1395 1417 1449 ante·

294 1481 384 1545 riora
400 1491 580 1546 vertantur
595 1481 639 1544 ad
659 1491 815 1545 centrum
832 1501 929 1545 suum
946 1501 1139 1558 commune,
1157 1481 1219 1545 sed
1238 1482 1272 1546 in
1288 1481 1418 1545 mundo

294 1575 473 1654 inferiora;
505 1573 648 1640 directio
678 1576 712 1639 in
736 1575 865 1639 mundo
888 1585 943 1640 est
967 1597 1053 1659 quae
1077 1585 1222 1640 vocatur
1244 1577 1416 1658 centripe·

294 1673 417 1748 tentia,
437 1681 473 1738 et
492 1693 627 1755 quoque
646 1673 850 1753 gravitatio:
875 1673 1038 1735 interiora
1056 1671 1257 1757 angelorum
1274 1668 1417 1735 actuali·

294 1777 349 1832 ter
378 1767 484 1832 etiam
517 1787 617 1830 versa
645 1777 727 1830 sunt
756 1777 972 1846 antrorsum;
1004 1776 1040 1831 et
1077 1767 1156 1851 quia
1184 1767 1347 1830 interiora
1380 1787 1417 1830 se

294 1863 422 1926 sistunt
451 1863 485 1926 in
504 1861 601 1939 facie,
635 1861 714 1926 ideo
749 1861 854 1926 iacies
884 1871 938 1926 est
973 1881 1060 1945 quae
1096 1862 1307 1926 determinat
1341 1861 1416 1943 pla·

293 1955 421 2040 μὰψ)

356 2076 453 2146 143·
483 2059 551 2125 Sed
570 2061 662 2146 quod
681 2061 816 2145 angelis
834 2083 855 2126 a
877 2063 963 2126 facie
982 2062 1028 2125 sit
1047 2061 1160 2126 oriens
1179 2061 1213 2124 in
1236 2061 1328 2125 omni
1341 2081 1415 2124 con·

293 2157 555 2238 versabrefaciei
563 2167 596 2221 et
605 2158 753 2240 corpores
764 2179 886 2236 corum,
897 2158 1009 2222 adhuc
1022 2158 1157 2240 aegrius
1170 2157 1416 2240 comprehendi

292 2263 413 2337 potest
431 2254 467 2316 in
487 2253 627 2331 mundo,
648 2274 694 2316 ex
714 2273 818 2318 causa
835 2255 914 2338 quia
932 2253 1062 2317 homini
1084 2274 1105 2316 a
1127 2251 1215 2317 lacie
1233 2261 1287 2318 est
1304 2254 1416 2347 omnis

292 2349 398 2431 plaga
416 2348 604 2412 secundum
623 2349 896 2424 conversionem,
915 2349 994 2412 ideo
1013 2349 1079 2412 hoc
1098 2349 1203 2412 etiam
1223 2347 1414 2431 explicabi-

292 2453 357 2515 tur.
402 2442 533 2524 Angeli
551 2443 707 2508 similiter
724 2464 765 2508 ac
784 2443 942 2508 homines
960 2453 1100 2508 vertunt
1119 2453 1156 2508 et
1175 2441 1317 2508 flectunt
1336 2465 1414 2508 suas

291 2539 394 2604 iacies
413 2549 450 2603 et
468 2558 529 2602 sua
546 2558 691 2622 corpora
708 2559 991 2623 quaquaversum,
1012 2549 1049 2604 at
1069 2559 1175 2624 usque
1194 2559 1329 2622 semper
1347 2537 1414 2602 illis

291 2643 346 2698 est
370 2643 452 2697 ante
471 2633 590 2698 oculos
608 2634 743 2714 oriens;
773 2634 836 2697 sed
857 2635 1103 2698 conversiones
1121 2633 1323 2716 angelorum
1344 2655 1413 2698 non

291 2737 372 2792 sunt
394 2730 483 2792 sicut
500 2729 744 2794 conversiones
762 2729 950 2804 hominum,
970 2739 1051 2792 sunt
1075 2731 1166 2794 enim
1189 2750 1235 2793 cx
1259 2729 1327 2794 alia
1345 2731 1412 2793 ori·

290 2825 372 2906 gine
384 2845 392 2902 ;
416 2824 545 2888 similes
558 2824 695 2906 quidem
708 2833 889 2907 apparent,
901 2823 962 2886 sed
975 2845 1080 2907 usque
1094 2844 1163 2888 non
1176 2833 1255 2888 sunt
1264 2823 1392 2888 similes
1404 2847 1412 2904 ;

290 2937 387 2984 arnor
402 2939 551 3001 regnans
564 2929 618 2984 est
635 2921 752 3002 origo;
776 2940 822 2984 ex
841 2919 902 2984 illo
917 2929 998 2984 sunt
1014 2939 1135 2984 omnes
1151 2919 1412 2984 determinatio·

292 3035 353 3079 nes
365 3015 456 3096 apud
469 3013 615 3095 angelos
631 3024 667 3079 et
679 3014 770 3097 apud
783 3015 941 3097 spiritus;
968 3034 1059 3092 nam,
1074 3025 1112 3079 ut
1129 3033 1212 3078 mox
1225 3035 1327 3098 supra
1339 3012 1412 3078 dic·

291 3120 365 3176 tum
383 3119 449 3185 est,
466 3110 628 3174 interiora
646 3129 764 3175 eorum
780 3107 963 3174 actualiter
978 3131 1078 3174 versa
1093 3121 1173 3176 sunt
1192 3109 1235 3174 ad
1255 3119 1412 3174 centrum

289 3223 388 3269 suum
406 3223 600 3280 commune,
619 3205 666 3268 ita
683 3206 719 3268 in
738 3204 836 3270 caelo
854 3205 899 3269 ad
918 3206 1104 3269 Dominum
1124 3215 1162 3270 ut
1181 3203 1309 3282 Solem,
1327 3225 1410 3288 qua-

291 3309 433 3382 propter
444 3301 524 3383 quia
534 3320 632 3364 amor
643 3299 773 3383 jugiter
789 3310 844 3365 est
856 3320 973 3366 coram
985 3301 1202 3365 interioribus
1216 3299 1363 3374 illorum,
1377 3309 1412 3362 et

289 3396 394 3461 iacies
416 3417 463 3460 ex
488 3396 706 3460 interioribus
728 3397 862 3473 existit,
885 3406 940 3460 est
963 3397 1054 3460 enim
1075 3395 1185 3460 forma
1207 3413 1323 3460 eorum
1347 3415 1409 3460 ex·

290 3500 400 3568 terna,
413 3492 492 3556 ideo
507 3501 590 3556 ante
602 3491 724 3556 faciem
737 3501 792 3556 est
808 3512 945 3576 semper
957 3491 1014 3556 ille
1031 3511 1128 3556 amor
1143 3490 1200 3575 qui
1215 3501 1339 3573 regnat
1352 3513 1360 3569 ;
1376 3491 1409 3554 in

289 3587 396 3652 caelis
414 3588 531 3671 itaque
549 3596 604 3652 est
619 3587 787 3652 Dominus
805 3589 844 3652 ut
863 3587 934 3663 Sol,
952 3587 1032 3671 quia
1047 3587 1126 3670 Ipse
1143 3597 1197 3651 est
1216 3606 1237 3649 a
1255 3607 1323 3670 quo
1342 3585 1410 3649 illis

288 3679 452 3763 amor;l¹⁸l
484 3693 521 3750 et
551 3685 630 3768 quia
657 3684 736 3767 lpse
755 3683 923 3748 Dominus
946 3694 1000 3748 est
1031 3684 1065 3748 in
1095 3703 1158 3746 suo
1184 3701 1301 3746 amore
1320 3684 1409 3766 apud
1450 3711 1452 3715 v

691 3907 729 3960 (ικ
742 3918 839 3950 usensis
850 3877 1014 3962 cumen)

342 3999 404 4139 ἓξ)
430 3997 520 4072 Quod
530 4015 636 4056 omnes
646 4001 677 4055 in
685 4001 812 4057 caelose
821 4001 988 4056 venanted
1000 4001 1164 4058 Dominum
1174 4005 1214 4073 (n.
1224 4002 1303 4073 9828,
1317 4018 1361 4060 101
1367 4018 1409 4072 30,

291 4085 339 4226 ,Μ
372 4069 662 4213 uori²t¹a91lrpelroirliggli
676 4159 708 4197 se
727 4158 788 4197 non
806 4151 925 4198 vertant
942 4143 980 4197 ad
1002 4139 1173 4207 Dominum,
1183 4144 1235 4199 sed
1253 4143 1409 4208 Dominus,

289 4213 357 4267 ullos
368 4222 466 4267 vertat
477 4213 516 4267 ad
530 4211 633 4268 Semet
647 4215 687 4282 (n.
703 4213 809 4283 10189).

342 4281 432 4366 Quod
452 4284 620 4354 praesentia
637 4285 810 4356 angelorum
823 4285 903 4354 apud
923 4283 1087 4340 Dominum
1107 4302 1168 4340 non
1187 4286 1236 4349 sit,
1252 4287 1305 4342 sed
1325 4302 1409 4358 prae-

289 4363 387 4409 senna
400 4353 523 4410 Domini
538 4355 618 4425 apud
631 4355 754 4427 angelos
771 4357 810 4425 (n.
824 4356 916 4426 9415).

343 4455 398 4524 (τι)
423 4451 514 4527 Quod
532 4469 638 4510 omnes
656 4455 687 4509 in
706 4455 821 4511 mundo
839 4456 1031 4526 spiritualiora
1048 4465 1224 4512 conmutat
1238 4467 1357 4514 verrent
1371 4458 1409 4512 ad

288 4533 360 4582 suos
374 4541 501 4590 amores,
514 4537 545 4580 et
560 4527 643 4598 quod
659 4527 764 4597 plagae
779 4526 820 4582 ibi
835 4542 855 4582 a
872 4526 948 4583 lacte
963 4527 1155 4584 inclmenter
1170 4527 1410 4584 determinentur

290 4599 332 4664 (n.
348 4611 443 4668 ror3o,
461 4597 553 4668 10189,
570 4611 662 4664 10420,
679 4599 784 4666 ¹070²)·
