3350 5366
305 628 367 712 356
630 641 680 693 oa
703 639 828 693 cneco
851 637 899 692 ur
923 633 1104 693 rursuuo.

298 814 348 878 ita
370 813 405 876 in
429 813 601 896 proprium
626 814 773 895 spiritus,
794 833 853 876 seu
877 813 911 876 in
934 812 1044 895 ipsum
1068 812 1236 895 spiritum.
1279 811 1348 896 (De
1371 813 1424 877 his

299 929 435 992 quoque
454 909 610 970 videatur
633 929 746 990 supra,
767 929 799 972 n.
817 906 908 990 425.)

364 1019 461 1086 552.
492 1001 578 1067 Cum
595 1004 675 1066 talis
692 1015 746 1068 est
766 1003 871 1066 homo
890 1011 969 1084 post
989 1011 1147 1078 mortem,
1165 1011 1248 1067 tunc
1265 1023 1334 1066 non
1351 1022 1423 1066 am·

300 1099 389 1181 plius
412 1107 467 1160 est
487 1097 592 1162 homo
612 1099 761 1180 spiritus,
781 1098 890 1180 qualis
910 1107 964 1160 est
985 1097 1019 1160 in
1039 1099 1148 1179 primo
1168 1119 1229 1162 suo
1249 1107 1344 1162 statu
1366 1096 1424 1179 (de

300 1200 368 1274 quo
391 1213 503 1274 supra,
528 1212 559 1255 n.
582 1191 760 1275 491-498),
785 1191 845 1255 sed
869 1200 923 1255 est
947 1210 1026 1254 vere
1050 1191 1208 1274 spiritus;
1241 1211 1319 1254 nam
1343 1179 1423 1256 ver'e

300 1289 439 1370 spiritus
452 1297 505 1351 est
521 1287 554 1350 in
571 1287 655 1350 sacie
671 1297 707 1350 et
723 1307 865 1369 corpore
878 1287 1172 1368 correspondente
1186 1287 1253 1348 suis
1267 1285 1423 1363 internis,

300 1401 388 1466 quae
408 1392 489 1445 sunt
507 1382 611 1445 animi
629 1381 711 1462 ejus,
728 1382 778 1446 ita
797 1383 831 1446 in
849 1381 959 1445 forma
975 1391 1123 1444 externa
1139 1401 1226 1464 quae
1246 1391 1300 1444 est
1320 1391 1424 1466 typus

301 1497 362 1540 seu
378 1475 510 1558 effigies
526 1475 598 1558 ejus
614 1477 837 1540 internorum.
882 1473 979 1538 Talis
996 1483 1050 1539 est
1067 1475 1206 1558 spiritus
1222 1486 1302 1558 post
1319 1495 1425 1542 exac-

301 1580 375 1636 tum
392 1571 537 1652 primum
556 1581 592 1634 et
611 1572 798 1634 secundum
815 1579 955 1646 statum,
973 1571 1016 1633 de
1036 1571 1158 1653 quibus
1174 1587 1294 1653 supra:
1320 1593 1424 1656 quare

302 1673 396 1739 tunc,
414 1685 490 1728 cum
510 1663 686 1746 spectatur
704 1665 823 1739 oculis,
841 1666 961 1728 statim
980 1667 1213 1746 cognoscitur,
1230 1663 1339 1749 qualis
1358 1675 1423 1742 est,

302 1780 372 1823 non
389 1761 492 1822 modo
512 1781 556 1823 ex
576 1761 661 1824 sacie
678 1761 738 1823 sed
756 1762 862 1824 ctiam
882 1781 928 1822 ex
948 1779 1103 1842 corpore,
1122 1781 1160 1824 ac
1182 1771 1360 1844 praeterea
1377 1784 1423 1826 ex

302 1851 439 1936 loquela
452 1863 489 1918 et
508 1875 553 1918 ex
573 1857 751 1936 gestibus3
779 1864 814 1919 et
831 1855 910 1937 quia
926 1863 1007 1918 tunc
1028 1856 1061 1917 in
1081 1875 1118 1918 se
1137 1865 1202 1928 est,
1221 1875 1289 1918 non
1307 1865 1425 1937 potest

302 1947 383 2012 alibi
417 1970 503 2024 esse,
535 1969 635 2032 quarn
666 1951 722 2014 ubi
752 1949 892 2012 similes.
940 1947 1006 2012 Est
1037 1951 1128 2012 enim
1158 1952 1424 2016 communicatio

302 2041 521 2108 affectionum
551 2053 587 2106 et
618 2045 696 2107 inde
724 2045 978 2125 cogitationum
1004 2043 1203 2108 omnimoda
1232 2045 1265 2106 in
1296 2048 1425 2110 mundo

303 2137 492 2220 spirituali;
517 2149 727 2222 quapropter
746 2139 885 2220 spiritus
904 2137 1011 2202 fertur
1033 2137 1076 2202 ad
1096 2138 1225 2202 similes
1247 2141 1308 2214 sui,
1329 2142 1425 2223 quasi

303 2253 349 2296 ex
368 2254 415 2308 se,
434 2235 511 2316 quia
529 2255 574 2298 ex
591 2251 651 2295 sua
667 2227 845 2296 affectione
862 2243 897 2296 et
917 2231 986 2313 ejus
1001 2232 1173 2314 jucundo;
1198 2234 1303 2297 immo
1320 2235 1425 2298 etiam

303 2347 340 2390 se
359 2327 438 2390 illuc
459 2329 650 2406 convertit;
682 2347 761 2390 narn
783 2327 831 2389 sic
855 2327 962 2409 spirat
981 2347 1078 2390 suam
1098 2327 1216 2402 vitam,
1235 2347 1295 2392 seu
1318 2327 1433 2393 trahit¹

303 2419 409 2486 libere
429 2443 525 2486 suam
544 2423 704 2497 animam,
725 2442 794 2484 non
824 2431 940 2484 autem
971 2441 1048 2485 cum
1077 2423 1248 2486 convertit
1278 2444 1315 2485 se
1344 2419 1423 2488 aliu.

303 2513 488 2582 Sciendum
517 2525 582 2593 est,
606 2517 698 2600 quod
728 2517 994 2580 communicatio
1023 2535 1100 2580 cum
1128 2515 1202 2579 aliis
1232 2517 1266 2580 in
1296 2517 1424 2580 mundo

304 2611 470 2692 spirituali
489 2610 547 2676 fiat
567 2612 753 2676 secundum
773 2612 1034 2674 conversionem
1053 2609 1160 2686 faciei,
1180 2620 1215 2674 et
1235 2611 1325 2694 quod
1345 2621 1424 2676 ante

303 2707 425 2774 faciem
442 2706 588 2788 cujusvis
607 2709 676 2770 sint
692 2705 820 2788 jugiter
838 2703 898 2780 illi,
919 2707 974 2790 qui
997 2707 1030 2768 in
1054 2705 1155 2768 simili
1174 2725 1289 2770 secum
1308 2727 1425 2772 amore

304 2812 395 2876 sunt,
413 2812 449 2864 et
468 2800 534 2864 hoc
554 2800 587 2863 in
604 2801 696 2863 omni
713 2801 937 2862 conversione
954 2802 1104 2882 corporis
1126 2799 1296 2880 (videatur
1312 2821 1423 2884 supra,

305 2916 337 2958 n.
354 2894 438 2978 151).
479 2895 565 2958 Inde
578 2905 641 2970 est,
653 2895 744 2978 quod
757 2915 877 2957 omnes
888 2895 1026 2976 spiritus
1038 2895 1219 2958 infernales
1232 2917 1269 2958 se
1280 2915 1422 2959 conver·

304 2999 383 3052 tant
396 3001 489 3053 retro
501 3011 521 3052 a
535 2990 684 3052 Domino
695 2989 738 3051 ad
751 2987 976 3070 caliginosum
987 2999 1022 3052 et
1036 2989 1268 3065 tenebrosum,
1280 3009 1366 3072 quae
1380 2987 1424 3053 ibi

304 3093 383 3148 sunt
399 3083 477 3148 loco
489 3083 570 3148 solis
587 3093 622 3146 et
639 3083 716 3146 loco
733 3083 832 3146 lunae
850 3083 976 3158 mundi,
991 3083 1052 3147 sed
1068 3084 1160 3167 quod
1173 3105 1292 3148 omnes
1309 3083 1424 3168 angeli

306 3177 393 3243 caeli
412 3199 449 3242 se
466 3188 673 3243 convertant
689 3177 732 3240 ad
749 3175 935 3241 Dominum
953 3189 990 3242 ut
1007 3177 1123 3244 Solem
1140 3177 1280 3243 caeliae
1298 3189 1335 3242 ut
1356 3179 1425 3242 Lu·

306 3294 386 3338 nam
406 3273 492 3338 caeli
514 3271 687 3356 (videatur
706 3293 817 3354 supra,
838 3293 869 3335 n.
891 3289 959 3354 123,
984 3289 1052 3352 143,
1077 3289 1146 3353 144,
1168 3273 1252 3358 151).
1298 3273 1353 3336 Ex
1373 3273 1425 3340 his

304 3389 395 3434 nunc
415 3379 577 3434 constare
596 3378 725 3449 potest,
743 3368 833 3450 quod
850 3387 981 3444 omnes,
999 3369 1054 3450 qui
1074 3369 1107 3430 in
1126 3367 1264 3431 insernis
1281 3378 1372 3444 sunt,
1390 3369 1424 3432 in

305 3463 403 3528 malis
422 3475 458 3528 et
478 3464 558 3528 inde
580 3463 673 3526 salsis
691 3463 759 3526 sint
775 3483 783 3541 ;
807 3472 842 3526 et
862 3482 996 3545 quoque
1013 3461 1104 3544 quod
1124 3464 1280 3526 conversi
1296 3463 1365 3526 sint
1380 3464 1423 3527 ad

305 3579 386 3624 suos
405 3577 549 3622 amores.

369 3667 470 3736 553·
501 3651 631 3716 Omnes
656 3651 794 3734 spiritus
828 3652 860 3715 in
889 3651 1040 3727 infernis,
1071 3647 1215 3734 inspecti
1248 3651 1281 3714 in
1311 3651 1425 3736 aliqua

307 3750 383 3814 luce
403 3747 501 3823 caeli,
522 3758 690 3830 apparent
713 3749 746 3809 in
766 3745 873 3810 iorma
893 3747 943 3809 sui
962 3747 1064 3826 mali;
1095 3756 1149 3808 est
1173 3747 1264 3810 enim
1284 3748 1425 3830 quisque

304 3842 437 3924 effigies
456 3844 505 3905 sui
524 3831 615 3917 mali,
636 3862 715 3905 nam
735 3841 824 3924 apud
845 3841 1103 3924 unumquemvis
1123 3841 1285 3904 interiora
1304 3851 1339 3905 et
1362 3861 1424 3904 ex·

306 3937 432 4003 teriora
455 3952 557 3999 unum
587 3946 706 4018 agunt,
727 3956 765 3998 ac
797 3937 959 3998 interiora
988 3955 1025 3998 se
1058 3935 1185 3998 sistunt
1212 3933 1360 3998 videnda
1392 3936 1425 3997 in

306 4031 546 4104 exterioribus,
567 4051 653 4112 quae
672 4039 751 4093 sunt
770 4029 884 4104 iacies,
905 4049 1038 4111 corpuS,
1059 4027 1206 4112 loquela,
1227 4039 1263 4092 et
1283 4039 1404 4110 gustus
1416 4049 1424 4107 ;

362 4269 453 4342 Quod
467 4285 557 4326 omne
572 4269 684 4324 malurn
698 4269 729 4322 in
742 4269 896 4324 schabest
910 4268 1026 4331 laisum,
1039 4277 1222 4340 quapropter
1237 4269 1288 4338 qui
1302 4269 1331 4322 iu
1346 4268 1426 4322 malo

306 4353 387 4403 sunt.
401 4343 491 4396 etiam
506 4342 536 4396 in
550 4341 626 4396 laiso
638 4350 716 4402 sunt,
727 4339 848 4394 tametsi
862 4339 982 4410 quidam
998 4339 1027 4394 id
1042 4339 1180 4394 nesciunt
1195 4341 1235 4406 (n.
1246 4351 1324 4408 7577,
1335 4339 1425 4408 8094).

362 4411 450 4484 Quod
465 4413 515 4482 qui
530 4411 559 4464 in
573 4412 652 4466 malo
665 4421 743 4472 sunt,
755 4427 815 4464 non
830 4409 944 4480 possint
955 4410 1011 4466 nisi
1022 4427 1111 4481 quum
1125 4409 1321 4472 falsumdum
1335 4425 1371 4464 ex
1385 4425 1425 4470 se,

307 4485 441 4553 cogitare
455 4484 496 4549 tn·
510 4483 600 4549 marl·
629 4551 654 4564 ..
690 4553 695 4564 ,
1373 4551 1380 4560 ,

363 4551 451 4624 Quod
462 4568 575 4613 omnes,
586 4569 636 4621 qur
648 4569 676 4605 m
689 4550 804 4605 miemo
817 4562 895 4612 sunt,
905 4549 1066 4622 loquantur
1076 4549 1149 4605 ialsa
1159 4567 1195 4604 ex
1207 4551 1286 4605 maio
1297 4552 1337 4619 (n.
1352 4563 1425 4620 1095.

309 4637 388 4694 7³5¹·
402 4636 479 4692 7³⁵2.
493 4635 570 4692 7³57.
585 4635 662 4691 7³92.
676 4622 772 4691 7698[?
786 4623 889 4691 76891).
