3382 5358
474 629 525 680 DE
547 627 752 681 SAPIENTIA
772 627 1014 682 ANGELORUM
1036 629 1163 681 CAELI.
1351 631 1408 699 153

286 801 462 866 sensuales
473 801 632 867 homines
644 812 823 878 vocantur,
836 803 927 886 quod
940 821 1064 886 nempe
1078 823 1145 866 non
1160 803 1228 866 sint
1245 801 1278 866 iii
1295 803 1411 886 aliqua

286 897 463 978 sapientia,
477 898 537 961 sed
551 897 661 961 solum
678 899 712 961 iii
729 895 913 964 scientiar)
959 897 1074 964 Aliter
1083 917 1165 962 vero
1178 898 1225 961 illi
1239 897 1407 978 homines,
1515 947 1517 952 .

286 1011 427 1075 quorum
444 988 675 1076 cogitationes
691 992 850 1058 elevatae
866 1001 946 1058 sunt
963 1011 1064 1076 supra
1080 993 1261 1068 sensualia,
1279 1003 1316 1056 et
1335 1013 1407 1056 ma·

285 1089 337 1170 gis
356 1107 498 1171 quorum
519 1088 682 1152 interiora
700 1099 821 1171 aperta
840 1098 921 1152 sunt
940 1109 1047 1172 usque
1066 1089 1099 1152 in
1120 1089 1230 1152 lucem
1250 1087 1347 1152 caeli.

346 1181 448 1249 268.
478 1181 620 1265 Quanta
632 1185 805 1266 sapientia
817 1183 1019 1266 angelorum
1032 1193 1097 1259 est,
1110 1193 1270 1248 constare
1288 1193 1406 1266 potest

285 1297 330 1341 ex
360 1299 412 1351 eo,
437 1279 528 1360 quod
558 1280 592 1342 in
623 1279 728 1342 caelis
751 1280 903 1343 omnium
935 1279 1203 1343 communicatio
1233 1281 1289 1354 sit,
1310 1281 1406 1342 unius

283 1371 516 1455 intelligentia
534 1382 571 1438 et
589 1375 760 1456 sapientia
778 1375 1050 1438 communicatur
1068 1373 1179 1448 alteri,
1200 1383 1254 1438 est
1273 1374 1405 1442 caelum

283 1469 479 1532 communio
494 1469 646 1533 omnium
662 1470 848 1533 bonorum:
874 1489 976 1534 causa
992 1479 1056 1544 est,
1072 1470 1261 1552 quiaamor
1274 1469 1404 1533 caeles·

283 1565 327 1627 tis
346 1563 426 1627 talis
446 1573 512 1638 est,
530 1565 558 1626 is
576 1565 651 1628 vult
675 1574 713 1628 ut
737 1565 782 1630 sit
806 1563 946 1628 alterius
965 1565 1057 1648 quod
1081 1583 1178 1628 suum
1201 1573 1276 1642 est;
1301 1583 1405 1647 quare

283 1677 385 1724 nemo
403 1659 437 1722 in
456 1659 554 1723 caelo
574 1661 718 1743 percipit
738 1660 866 1724 bonum
887 1679 984 1724 suuni
1008 1661 1042 1723 iii
1066 1680 1104 1722 se
1124 1669 1161 1722 ut
1180 1659 1320 1736 bonum,
1341 1659 1405 1723 nisi

282 1754 326 1818 sit
356 1755 462 1818 etiam
493 1755 526 1818 iii
556 1755 678 1832 altero,
699 1755 779 1820 inde
798 1776 932 1840 quoque
956 1765 1010 1819 est
1033 1755 1179 1819 felicitas
1198 1755 1307 1833 caeli;
1339 1755 1404 1820 hoc

282 1849 411 1913 ducunt
435 1850 551 1931 angeli
581 1869 601 1914 a
631 1850 792 1926 Domino,
814 1851 907 1932 cujus
931 1850 1076 1914 Divinus
1100 1851 1211 1914 Amor
1234 1849 1316 1913 talis
1340 1861 1404 1915 est.

282 1939 384 2026 Quod
409 1945 488 2008 talis
511 1947 780 2010 communicatio
809 1945 843 2008 iii
873 1945 979 2009 caelis
1001 1945 1057 2022 sit,
1082 1946 1201 2009 datum
1221 1947 1326 2009 etiam
1351 1956 1404 2010 est

280 2058 341 2121 per
354 2041 605 2122 experientiam
624 2041 730 2105 scire:
755 2041 893 2124 quidam
911 2041 1084 2124 simplices
1100 2041 1305 2124 quandoque
1324 2043 1403 2104 sub-

281 2135 343 2200 lati
368 2145 449 2198 sunt
476 2136 510 2198 iii
540 2133 695 2214 caelum;
725 2145 761 2200 et
789 2155 867 2200 cum
893 2136 985 2212 illuc,
1013 2137 1115 2199 etiam
1146 2139 1180 2199 iii
1210 2136 1402 2218 angelicam

280 2231 486 2314 sapientiam
520 2240 699 2306 venerunt,
725 2241 761 2296 et
795 2241 878 2296 tunc
911 2231 1162 2295 intellexerunt
1197 2232 1283 2294 talia
1316 2251 1402 2314 quae

280 2329 372 2410 prius
395 2347 463 2390 nori
487 2326 781 2409 comprehendere
800 2336 998 2410 potuerunt,
1019 2335 1055 2391 et
1079 2326 1188 2391 locuti
1211 2335 1292 2391 sunt
1315 2347 1401 2410 quae

279 2424 313 2486 in
332 2423 434 2506 priori
453 2431 549 2486 statu
569 2442 637 2484 non
654 2421 745 2486 effari
766 2431 962 2504 potuerunt.

340 2518 445 2598 269.
475 2516 596 2600 Qualis
625 2519 795 2600 sapientia
823 2517 1025 2598 angelorum
1056 2526 1120 2593 est,
1147 2538 1216 2582 nori
1252 2518 1401 2582 describi

278 2614 419 2678 vocibus
439 2621 570 2696 potest,
591 2613 652 2676 sed
672 2613 777 2676 modo
795 2611 958 2676 illustrari
982 2632 1044 2694 per
1062 2611 1175 2695 aliqua
1194 2615 1400 2680 communia.

278 2707 409 2790 Angeli
425 2717 569 2789 possunt
583 2727 649 2770 una
661 2727 747 2772 voce
760 2708 965 2788 exprimere,
979 2727 1066 2791 quae
1079 2707 1184 2772 homo
1201 2729 1269 2772 non
1283 2719 1401 2791 potest

278 2803 373 2867 mille
385 2805 545 2868 vocibus:
570 2812 606 2866 et
622 2812 802 2885 praeterea
815 2803 871 2866 uni
888 2803 964 2866 voci
976 2803 1156 2884 angelicae
1170 2805 1285 2867 insunt
1302 2804 1399 2866 inriu-

279 2918 382 2974 mera,
403 2919 490 2982 quae
513 2899 654 2962 vocibus
678 2897 816 2980 linguae
840 2897 1011 2962 humanae
1034 2900 1181 2982 exprimi
1201 2909 1400 2982 nequeunt;

680 3097 718 3146 (u
731 3106 828 3139 nuni:
840 3097 1002 3150 mmmmm)

331 3199 368 3266 (b)
390 3195 479 3270 Quod
494 3197 630 3282 sensuale
643 3199 682 3252 sit
696 3199 834 3252 ultimum
845 3199 925 3253 vitae
936 3197 1068 3253 hominis
1078 3198 1244 3254 adhaerens
1253 3208 1285 3254 et
1297 3199 1397 3256 inhae-

276 3269 1226 3410 ‘⁶¹¹⁵trecentenis,littei?'gitchicfnttla
1243 3341 1398 3397 conciunt

275 3425 312 3464 ex
325 3338 461 3466 &sibus
474 3411 616 3481 corporis,
627 3421 657 3464 et
670 3411 721 3480 qui
735 3410 810 3464 nihil
823 3382 919 3466 credit
932 3410 988 3465 nisi
999 3412 1080 3482 quod
1091 3412 1186 3467 oculis
1195 3409 1281 3466 videt
1292 3422 1324 3467 ct
1337 3427 1397 3467 ma·

277 3481 365 3535 nibus
375 3479 473 3554 tangit
487 3484 528 3548 (n.
543 3494 619 3551 5094,
634 3481 726 3550 7693).

328 3551 418 3626 Quod
430 3553 499 3606 talis
509 3553 602 3607 homo
612 3553 725 3624 cogitet
738 3553 768 3606 in
778 3551 909 3608 externis
922 3561 954 3607 et
966 3568 1027 3606 non
1039 3551 1163 3608 interius
1177 3553 1207 3608 in
1220 3569 1252 3609 se
1265 3555 1306 3623 (ii.
1320 3554 1397 3624 5089,

276 3622 555 3768 soblfilclrlllltlffclla
567 3695 633 3764 ejus
647 3695 748 3750 clausa
762 3693 831 3756 sirit,
844 3703 879 3748 ut
894 3693 935 3748 ibi
954 3693 1028 3748 nihil
1043 3693 1105 3749 veri
1121 3695 1282 3766 spiritualis
1295 3695 1396 3751 videat

275 3769 315 3834 (n.
328 3765 498 3908 6e6rllolllill
509 3765 654 3891 lllllsso
663 3835 776 3892 lumine
787 3835 914 3890 naturali
924 3846 977 3897 est,
988 3845 1020 3890 et
1032 3835 1075 3891 sic
1085 3835 1160 3890 nihil
1173 3835 1302 3908 percipit
1315 3839 1396 3962 guod

273 3923 289 3962 e
315 3907 382 3963 luce
400 3909 474 3963 caeli
495 3909 535 3978 (ri.
554 3907 633 3971 6201,
652 3905 731 3976 6310,
747 3907 826 3976 6564,
841 3905 920 3976 6598.
936 3905 1015 3968 6612,
1031 3907 1110 3975 6614,
1125 3906 1203 3972 6622,
1219 3907 1299 3975 6624,
1336 3907 1396 3975 844

272 3977 416 4174 684ἓῦοά
431 4048 554 4104 interius
566 4049 606 4104 sit
618 4057 724 4104 contra
736 4047 786 4102 illa
801 4063 878 4120 quae
890 4048 965 4104 caeli
978 4057 1010 4104 et
1021 4047 1165 4104 ecclesiae
1178 4057 1249 4104 sunt
1263 4049 1303 4118 (n.
1316 4048 1395 4113 6201,

271 4119 321 4190 631
344 4119 442 4185 ,6844
455 4119 533 4187 6845,
547 4119 625 4188 6948,
638 4118 730 4202 6949).
769 4189 776 4203 α

289 4261 295 4274 ·
325 4189 415 4262 Quod
428 4189 504 4245 tales
517 4189 590 4244 fiant
602 4190 712 4245 eruditi
726 4206 777 4261 qui
792 4206 824 4246 se
837 4189 1090 4246 confirmaverunt
1101 4200 1207 4246 contra
1219 4205 1289 4245 vera
1301 4191 1394 4246 eccle-

272 4259 583 4403 ⁵¹aeglill'irlllell'sutiles
598 4330 736 4388 homines
748 4329 843 4416 astuti
858 4332 920 4386 sirit
934 4341 965 4386 et
980 4331 1121 4388 malitiosi
1134 4347 1205 4402 prae
1218 4331 1340 4402 reliquis
1354 4333 1394 4400 (n.

272 4403 644 4556 laesstlclclllltiocinentur
656 4474 764 4556 acriter
776 4481 808 4528 et
823 4473 955 4556 solerter.
969 4471 1021 4526 sed
1037 4489 1073 4527 ex
1082 4473 1231 4528 memoria
1243 4487 1393 4542 corporea,

272 4559 301 4598 in
336 4561 375 4599 ua
390 4555 507 4614 ponunt
521 4560 639 4599 omnem
655 4545 884 4614 intelligentiam
900 4545 940 4612 (ii.
960 4556 1017 4614 195,
1034 4543 1091 4611 196,
1107 4556 1183 4612 5700,
1200 4543 1305 4612 10236).

347 4617 384 4671 ed
399 4615 482 4686 quod
496 4631 533 4670 ex
546 4614 669 4670 fallaciis
683 4631 823 4670 sensuum
839 4616 878 4684 (ri.
895 4615 971 4684 5084,
984 4613 1062 4684 6948,
1076 4613 1154 4685 6949.
1169 4614 1260 4685 7693).
