3382 5358
285 667 346 736 150
607 665 659 718 nu
682 665 809 718 cuano
831 665 880 718 ua
903 665 1087 718 mannan.

280 837 465 922 compositi
490 853 541 914 20,
563 853 614 919 30,
640 851 691 919 50,
715 851 767 920 70,
792 853 1070 918 100,144,1000,
1095 853 1206 914 roooo,
1231 853 1344 914 12000,
1368 847 1406 905 et

280 933 395 1016 plures
420 931 627 1015 significant,
656 933 764 998 videri
791 943 910 1016 potest
941 935 975 996 in
1004 933 1154 998 Arcanis
1186 931 1404 1010 caelestibus,

280 1029 336 1092 ubi
365 1029 408 1092 de
427 1028 494 1091 illis
513 1025 628 1092 attunt
646 1039 711 1094 est.
757 1028 796 1094 In
812 1030 981 1112 scriptura
999 1028 1060 1093 illa
1080 1029 1115 1092 in
1139 1027 1236 1092 caelo
1260 1048 1405 1112 praepo·

248 1181 249 1186 ,
280 1125 373 1188 nitur
391 1143 528 1204 semper
546 1143 716 1200 numerus,
734 1145 780 1188 ex
799 1145 867 1208 quo
885 1133 1072 1208 sequentes
1094 1125 1129 1188 in
1148 1125 1234 1188 serie
1251 1125 1406 1207 pendent

280 1229 317 1282 ut
334 1240 355 1282 a
370 1239 433 1284 suo
448 1217 623 1300 subjetto;
647 1239 727 1284 nam
743 1219 802 1284 ille
817 1238 976 1284 numerus
992 1228 1047 1284 est
1063 1220 1158 1302 quasi
1174 1219 1282 1282 index
1298 1221 1345 1283 rei
1361 1219 1406 1284 de

280 1335 348 1396 qua
370 1316 494 1396 agitur,
514 1324 550 1378 et
573 1335 619 1378 ex
642 1335 710 1398 quo
728 1315 946 1398 sequentium
966 1334 1143 1380 numerum
1160 1315 1406 1379 determinatio

281 1419 335 1472 est
358 1411 402 1473 ad
426 1429 497 1472 rem
517 1411 551 1473 in
571 1411 695 1492 specie.

343 1506 443 1588 264·
475 1503 541 1587 Qui
564 1526 635 1569 non
653 1506 767 1569 sciunt
786 1504 913 1588 aliquid
937 1505 980 1569 de
1002 1504 1112 1580 caelo,
1132 1513 1170 1568 et
1193 1524 1263 1569 non
1282 1503 1405 1569 volunt

280 1599 381 1662 aliam
398 1601 441 1664 de
457 1621 499 1664 eo
515 1600 627 1664 ideam
644 1600 781 1675 habere,
799 1621 901 1683 quam
918 1601 1006 1664 sicut
1022 1601 1065 1664 de
1082 1621 1165 1682 puro
1181 1599 1404 1682 atmosphae·

280 1697 360 1770 rico,
385 1696 420 1759 in
450 1717 518 1778 quo
548 1696 697 1760 volitant
726 1697 842 1779 angeli
872 1697 960 1758 sicut
991 1705 1126 1758 mentes
1152 1693 1406 1759 intelledtuales

281 1791 410 1874 absque
433 1811 535 1855 sensu
558 1792 695 1856 auditus
725 1801 762 1855 et
793 1793 896 1866 visus,
913 1791 962 1854 illi
985 1810 1061 1854 non
1085 1799 1230 1874 possunt
1249 1791 1405 1872 cogitare

281 1887 373 1968 quod
392 1885 460 1949 illis
480 1886 617 1970 loquela
633 1896 668 1950 et
688 1887 858 1970 scriptura
876 1887 966 1964 sint;
989 1885 1023 1949 in
1043 1886 1213 1950 materiali
1232 1888 1323 1950 enim
1342 1907 1405 1968 po·

281 1991 367 2044 nunt
398 1983 509 2046 omnis
538 1983 586 2046 rei
616 1983 865 2060 existentiam;
904 2001 982 2045 cum
1012 1991 1130 2045 tamen
1157 1981 1227 2057 illa,
1255 2002 1342 2064 quae
1372 1983 1406 2044 in

280 2075 380 2140 caelo
404 2087 495 2152 sunt,
520 2086 592 2140 tam
615 2076 756 2141 realiter
778 2078 947 2152 existunt,
971 2096 1073 2160 quam
1097 2077 1241 2160 quaein
1265 2076 1405 2150 mundo,

280 2181 316 2234 et
332 2171 478 2254 angelis,
496 2173 551 2254 qui
570 2172 627 2248 ibi,
645 2173 761 2236 omnia
776 2181 857 2237 sunt
873 2192 961 2256 quae
978 2172 1051 2236 usui
1066 2172 1110 2235 ad
1129 2171 1248 2248 vitam,
1266 2180 1302 2236 et
1317 2191 1404 2254 quae

282 2268 356 2330 usui
375 2267 418 2330 ad
438 2267 644 2348 sapientiam
663 2277 753 2332 sunt.

769 2742 915 2828 [xxx]

483 2931 541 2995 Da
564 2927 777 2995 Sannum
800 2929 1052 2996 Auouaonuu
1076 2927 1207 2996 Casu.

343 3113 442 3196 265.
472 3113 593 3196 Qualis
609 3115 779 3198 sapientia
791 3113 993 3196 angelorum
1006 3113 1093 3179 caeli
1110 3126 1175 3191 est,
1190 3133 1293 3198 aegre
1309 3133 1405 3184 com·

280 3210 446 3294 prehendi
466 3221 594 3291 potest,
612 3212 691 3293 quia
710 3211 926 3274 transcendit
945 3212 1150 3293 sapientiam
1167 3211 1350 3274 humanam
1370 3212 1404 3274 in

281 3316 417 3369 rantum
438 3316 475 3368 ut
493 3307 706 3388 aequiparari
726 3316 910 3389 nequeant,
931 3315 967 3370 et
991 3307 1082 3391 quod
1102 3307 1318 3370 transcendit
1337 3306 1404 3370 hoc

280 3409 425 3484 apparet
445 3401 533 3464 sicut
556 3421 626 3464 non
646 3401 772 3484 aliquid
796 3402 852 3465 sit.
897 3399 985 3466 Sunt
1008 3403 1114 3464 etiam
1138 3401 1252 3484 aliqua
1270 3403 1403 3482 ignota,

280 3517 341 3578 per
369 3517 456 3578 quae
480 3496 705 3573 describetur,
730 3517 816 3579 quae
840 3505 1027 3578 antequam
1047 3506 1132 3560 nota
1150 3495 1246 3569 fiunt,
1267 3505 1347 3559 sunt
1370 3496 1405 3558 in

280 3588 571 3655 intelledtu‘sicut
595 3592 746 3666 umbrae,
767 3600 804 3655 et
835 3592 883 3654 sic
902 3611 1036 3675 quoque
1059 3611 1143 3667 rem,
1165 3591 1274 3674 qualis
1304 3591 1338 3654 in
1368 3610 1405 3654 se

280 3698 345 3762 est,
367 3685 570 3766 occultant;
601 3687 663 3750 sed
687 3707 792 3769 usque
806 3686 900 3750 ,talia
923 3695 1014 3760 sunt,
1034 3706 1122 3768 quae
1146 3695 1291 3768 possunt
1315 3686 1404 3758 sciri,

280 3791 316 3845 et
336 3781 417 3846 dum
434 3783 588 3845 sciuntur
604 3780 862 3862 comprehendi,
875 3780 979 3844 modo
995 3800 1093 3844 mens
1109 3779 1302 3844 deledtetur
1318 3780 1403 3858 illis;

281 3896 359 3939 nam
384 3874 572 3940 deledtatio
596 3896 712 3940 secum
735 3876 847 3940 lucem
870 3875 988 3953 habet,
1013 3877 1091 3960 quia
1114 3885 1168 3940 est
1192 3897 1237 3939 ex
1264 3895 1403 3954 amore;

280 3979 316 4034 et
331 3971 409 4046 illis,
424 3971 479 4054 qui
492 3981 611 4035 amant
628 3971 713 4036 talia
725 3992 812 4053 quae
826 3971 972 4035 Divinae
989 3981 1024 4035 et
1041 3971 1201 4035 caelestis
1215 3972 1404 4053 sapientiae

282 4077 373 4142 sunt,
395 4066 456 4129 lux
475 4065 618 4147 affulget
637 4087 655 4130 e
675 4066 784 4141 caelo,
804 4075 840 4129 et
860 4066 1042 4129 illustratio
1060 4076 1125 4130 est.

344 4161 447 4225 266.
478 4159 598 4242 Qualis
617 4163 785 4242 sapientia
801 4161 1002 4242 angelorum
1022 4169 1087 4237 est,
1107 4160 1267 4225 concludi
1286 4169 1404 4244 potest

281 4278 326 4320 ex
346 4277 399 4332 eo,
420 4257 511 4339 quod
530 4258 563 4319 in
583 4255 659 4319 luce
678 4256 765 4320 caeli
784 4257 865 4330 sint,
882 4266 918 4319 et
937 4256 997 4320 lux
1018 4255 1103 4320 caeli
1122 4257 1155 4320 in
1175 4277 1236 4320 sua
1253 4257 1405 4320 essentia

281 4364 336 4418 est
359 4353 520 4417 Divinum
545 4351 675 4415 Verum
698 4373 757 4416 seu
788 4353 912 4416 Divina
935 4351 1131 4434 Sapientia;
1165 4364 1201 4418 et
1230 4353 1315 4417 haec
1344 4351 1404 4416 lux

282 4449 381 4513 simul
405 4447 557 4512 illustrat
581 4449 690 4511 visum
714 4467 831 4512 eorum
855 4449 1027 4511 internum
1050 4449 1107 4531 qui
1130 4459 1184 4512 est
1208 4451 1344 4524 mentis,
1368 4459 1404 4512 et

281 4546 390 4608 visum
418 4564 535 4608 eorum
563 4553 747 4608 externum
780 4544 836 4627 qui
870 4553 924 4608 est
953 4543 1141 4608 oculorum.
1188 4543 1308 4627 (Quod
1342 4543 1402 4606 lux

282 4640 369 4704 caeli
395 4641 440 4704 sit
464 4639 626 4702 Divinum
650 4636 780 4702 Verum
803 4659 864 4702 seu
888 4637 1014 4703 Divina
1037 4637 1224 4722 Sapientia,
1248 4639 1406 4703 videatur
