3382 5358
618 637 668 687 os
692 635 818 688 cneco
842 635 890 684 ar
913 633 1095 684 mesano.
1193 649 1195 654 ·
1313 597 1320 611 ’

760 1055 944 1142 [xxxx]

567 1264 625 1330 Ds
649 1277 772 1330 scaro
795 1263 906 1328 Pncrs
929 1275 972 1326 m
995 1231 1138 1328 Cnseo.

355 1467 453 1552 284.
483 1466 551 1550 Qui
566 1487 635 1531 non
654 1468 688 1530 in
707 1485 794 1548 pace
809 1465 897 1530 caeli
913 1467 1034 1540 suerat,
1052 1485 1123 1531 non
1142 1464 1318 1547 percipere
1334 1472 1413 1547 pot·

292 1573 346 1628 est
368 1563 449 1646 quid
476 1582 546 1645 pax
569 1563 602 1625 in
625 1583 693 1645 qua
714 1571 795 1626 sunt
818 1561 956 1644 angeli3
976 1561 1093 1626 bomo
1116 1562 1232 1632 etiam,
1252 1559 1414 1642 quamdiu

291 1659 325 1721 in
349 1677 490 1740 corpore
513 1668 578 1733 est,
602 1678 672 1721 non
695 1667 813 1740 potest
835 1657 987 1741 recipere
1011 1675 1133 1739 pacem
1155 1655 1252 1732 caeli,
1272 1657 1322 1720 ita
1344 1675 1414 1722 non

292 1755 465 1836 percipere
481 1753 587 1828 illam,
601 1754 679 1836 quia
695 1753 843 1816 hominis
856 1753 1033 1834 perceptio
1045 1761 1099 1816 est
1115 1753 1151 1816 in
1166 1751 1322 1816 naturali.
1368 1751 1412 1827 Is,

291 1860 329 1912 ut
346 1849 521 1931 percipiat,
536 1849 641 1913 debet
657 1847 738 1914 talis
754 1869 841 1924 esse,
855 1857 893 1911 ut
909 1847 1022 1930 quoad
1039 1847 1287 1929 cogitationem
1303 1847 1414 1928 possit

291 1945 417 2009 elevari
435 1957 471 2009 et
489 1946 612 2010 abduci
631 1965 651 2008 a
669 1965 823 2026 corpore,
838 1953 874 2008 et
893 1945 967 2007 sisti
986 1945 1020 2008 in
1036 1944 1167 2026 spiritu,
1184 1952 1220 2008 et
1239 1953 1322 2007 tunc
1338 1963 1414 2010 esse

291 2059 368 2103 cum
380 2041 522 2123 angelis.
568 2039 657 2122 Quia
670 2041 721 2104 ita
732 2040 815 2103 mihi
831 2049 996 2123 percepta
1011 2049 1066 2106 est
1080 2059 1149 2120 pax
1163 2037 1259 2114 caeli,
1274 2057 1413 2120 possum

291 2135 484 2200 describere
507 2135 624 2213 illam;
655 2145 711 2199 ast
734 2155 803 2198 non
826 2135 967 2200 vocibus
990 2133 1100 2216 qualis
1120 2143 1177 2198 ¹est
1207 2135 1241 2197 in
1264 2155 1313 2209 se,
1336 2135 1414 2216 quia

290 2250 395 2294 voces
413 2230 582 2294 humanae
605 2249 675 2293 non
695 2229 909 2312 adaequatae
927 2239 1033 2306 sunt;
1065 2229 1126 2292 sed
1150 2227 1254 2292 modo
1272 2228 1414 2292 vocibus

291 2325 400 2407 qualis
423 2333 476 2388 est
496 2325 730 2407 comparative
753 2324 798 2388 ad
820 2323 916 2389 illam
938 2323 1090 2407 requiem
1114 2324 1229 2399 animi,
1249 2343 1336 2406 quae
1358 2331 1414 2386 est

290 2419 357 2482 illis
376 2420 432 2502 qui
451 2421 606 2484 contenti
624 2429 705 2484 sunt
724 2421 759 2484 in
778 2419 864 2484 Deo.

354 2515 451 2598 285·
481 2513 568 2578 Sunt
586 2514 655 2578 duo
670 2516 793 2598 intima
807 2514 904 2590 caeli,
922 2533 1046 2595 nempe
1061 2513 1259 2576 innocentia
1277 2521 1314 2576 et
1332 2531 1413 2594 pax.

248 2687 250 2692 ,
291 2607 419 2672 lntima
441 2609 610 2686 dicuntur,
635 2611 714 2693 quia
744 2611 945 2674 immediate
969 2609 1166 2692 procedunt
1199 2628 1220 2672 a
1253 2607 1413 2672 Domino.

291 2703 560 2769 Innocentiaest
576 2726 622 2768 ex
636 2725 704 2788 qua
715 2725 818 2769 omne
829 2705 957 2769 bonum
970 2704 1067 2779 caeli,
1080 2715 1117 2771 et
1133 2723 1203 2784 pax
1215 2711 1270 2768 est
1285 2723 1330 2768 ex
1347 2723 1414 2786 qua

291 2817 392 2862 omne
401 2799 587 2881 jucundum
598 2800 680 2864 boni
694 2823 702 2880 ;
725 2820 829 2865 omne
841 2801 969 2864 bonum
983 2819 1080 2864 suum
1089 2797 1273 2881 jucundum
1285 2798 1412 2877 habet;

291 2903 472 2978 utrumque
501 2906 573 2959 tam
603 2893 732 2959 bonum
755 2915 857 2979 quam
876 2894 1063 2977 jucundum
1092 2903 1147 2957 est
1176 2894 1312 2968 amoris,
1333 2911 1413 2958 nam

290 2990 383 3072 quod
406 2999 541 3055 amatur
562 2991 628 3056 hoc
650 2991 778 3055 bonum
797 2991 933 3068 dicitur,
952 3001 990 3055 et
1013 3011 1147 3074 quoque
1169 3000 1207 3056 ut
1226 2989 1413 3072 jucundum

290 3086 494 3169 percipitur:
519 3087 599 3150 inde
615 3088 778 3169 sequitur,
798 3087 890 3171 quod
910 3088 978 3150 duo
997 3087 1057 3150 illa
1075 3087 1207 3160 intima,
1226 3105 1314 3168 quae
1330 3095 1413 3150 sunt

291 3181 489 3246 innocentia
512 3192 547 3246 et
570 3201 652 3264 pax,
673 3203 719 3246 ex
743 3182 869 3246 Divino
889 3181 1020 3248 Amore
1044 3180 1184 3244 Domini
1207 3180 1411 3263 procedant,

291 3287 327 3341 et
342 3276 495 3342 afficiant
514 3277 659 3360 angelos
681 3278 727 3343 ab
749 3278 882 3342 intimo.
928 3277 1030 3359 Quod
1048 3277 1246 3342 innocentia
1264 3277 1310 3341 sit
1331 3276 1413 3340 inti«

291 3392 383 3436 mum
402 3375 493 3450 boni,
514 3375 672 3438 videatur
693 3375 727 3437 in
750 3373 897 3438 articulo
919 3393 1002 3438 mox
1028 3373 1269 3454 praecedente,
1289 3372 1346 3436 ubi
1367 3371 1427 3438 de.

291 3476 384 3531 statu
403 3469 621 3533 innocentiae
636 3467 837 3551 angelorum
854 3467 940 3532 caeli
958 3464 1072 3532 actum
1088 3475 1163 3544 est;
1184 3466 1278 3548 quod
1296 3475 1412 3530 autem

291 3583 361 3645 pax
380 3564 426 3627 sit
445 3565 602 3628 intimum
613 3563 753 3648 jucundi
771 3585 817 3628 ex
836 3563 929 3627 bono
945 3563 1174 3638 innocentiae,
1193 3581 1281 3625 nunc
1300 3560 1412 3644 expli·

291 3659 434 3722 cabitur.

353 3755 454 3822 28⁶.
484 3755 587 3822 Unde
613 3775 684 3838 pax
703 3755 848 3838 primum
867 3755 1010 3818 dicetur.
1055 3753 1179 3818 Divina
1198 3753 1270 3816 Pax
1297 3762 1352 3820 est
1378 3753 1412 3816 in

292 3849 453 3927 Domino,
473 3853 630 3915 existens
649 3873 694 3916 ex
714 3851 839 3914 unione
858 3850 962 3933 ipsius
986 3849 1100 3912 Divini
1129 3865 1170 3912 ac
1198 3848 1313 3912 Divini
1338 3848 1412 3911 Hu-

292 3946 383 4007 mani
412 3946 446 4008 in
476 3945 567 4029 ipso.
613 3947 776 4011 Divinum
804 3947 899 4029 pacis
932 3945 966 4016 in
994 3943 1093 4008 caelo
1115 3952 1170 4008 est
1199 3963 1220 4007 a
1249 3943 1411 4018 Domino,

291 4039 448 4104 existens
473 4063 518 4106 ex
543 4039 784 4124 conjunctione
804 4041 915 4124 Ipsius
939 4059 1017 4102 cum
1041 4038 1174 4122 angelis
1198 4039 1296 4114 caeli,
1317 4047 1354 4104 et
1378 4039 1412 4101 ln

292 4135 485 4218 particulari
501 4158 546 4202 ex
563 4133 801 4218 conjunctione
814 4136 894 4200 boni
911 4143 947 4199 et
962 4135 1032 4199 veri
1048 4135 1138 4218 apud
1155 4135 1413 4218 unumquemvis

291 4230 475 4312 angelum:
509 4230 574 4295 hae
604 4242 685 4294 sunt
708 4231 859 4312 origines
882 4230 985 4312 pacis.
1030 4229 1087 4294 Ex
1110 4231 1231 4312 quibus
1253 4239 1413 4293 constare

291 4335 420 4406 potest,
444 4328 536 4409 quod
566 4347 635 4408 pax
665 4327 699 4389 in
728 4325 833 4389 caelis
861 4326 906 4388 sit
934 4325 1095 4388 Divinum
1119 4326 1238 4388 intime
1260 4323 1412 4388 afficiens

290 4422 505 4486 beatitudine
528 4441 629 4486 omne
660 4421 787 4486 bonum
811 4421 868 4496 ibi,
887 4421 937 4484 ita
966 4421 1012 4485 e'x
1035 4441 1103 4504 qua
1124 4439 1227 4486 omne
1250 4419 1411 4502 gaudium

292 4516 398 4595 caeli;
422 4527 458 4582 et
477 4518 568 4600 quod
584 4519 629 4582 sit
646 4518 679 4581 in
696 4537 758 4581 sua
773 4517 924 4580 essentia
941 4516 1101 4580 Divinum
1117 4517 1280 4600 gaudium
1297 4515 1411 4578 Divini

292 4613 417 4676 amoris
435 4612 571 4678 Domini
590 4635 635 4677 ex
659 4610 899 4694 conjunciione
919 4611 1030 4695 Ipsius
1048 4631 1126 4676 cum
1145 4611 1255 4688 caelo,
1274 4620 1311 4675 et
1334 4629 1410 4674 cum
