3350 5366
381 669 432 721 DE
455 669 631 722 SECUNDO
653 671 774 725 STATU
799 671 966 726 HOMINIS
991 675 1081 727 POST
1105 677 1279 728 MORTEM.
1334 683 1396 747 319

269 839 520 925 loquuntur,et
539 843 722 906 exterioris
738 842 930 908 voluntatis
949 865 994 908 ex
1014 866 1080 928 qua
1099 855 1218 927 agunt,
1235 867 1306 910 non
1324 847 1393 912 sint

268 957 386 1000 eorum
406 937 553 1020 propria,
573 939 635 1001 sed
654 938 713 1002 illa
732 955 818 1022 quae
838 949 919 1004 sunt
936 959 1053 1004 eorum
1072 941 1243 1005 interioris
1258 944 1393 1023 cogita·

268 1029 372 1093 tionis
392 1040 429 1094 et
448 1030 649 1096 voluntatis.

330 1139 431 1207 5⁰2·
461 1125 544 1191 Post
573 1129 719 1209 primum
749 1138 881 1193 statum
912 1127 1085 1206 exactum,
1109 1132 1166 1214 qui
1195 1141 1251 1197 est
1280 1141 1393 1198 status

268 1221 489 1296 exteriorum,
514 1221 559 1285 de
586 1241 654 1306 quo
683 1223 717 1286 in
747 1224 981 1306 praecedente
1004 1226 1152 1290 articulo
1181 1225 1295 1291 actum
1325 1239 1391 1304 est,
1506 1218 1510 1228 ’

267 1313 372 1378 homo
385 1317 524 1398 spiritus
540 1317 735 1383 immittitur
754 1322 787 1382 in
807 1329 939 1384 statum
956 1321 1155 1386 interiorum
1167 1343 1314 1399 suorum,
1332 1344 1392 1388 seu

266 1410 300 1474 in
320 1421 450 1476 statum
469 1413 638 1477 interioris
653 1415 847 1479 voluntatis
866 1426 902 1480 et
921 1416 1001 1482 inde
1017 1417 1253 1499 cogitationis,
1271 1419 1305 1482 in
1325 1439 1393 1503 quo

267 1503 377 1570 luerat
399 1507 434 1570 in
458 1510 597 1584 mundo,
619 1529 695 1573 cum
715 1511 779 1574 sibi
802 1508 941 1574 relictus
960 1510 1067 1576 libere
1086 1521 1122 1577 et
1145 1513 1274 1596 absque
1296 1513 1392 1578 freno

267 1602 438 1684 cogitavit
456 1623 464 1682 ;
488 1605 522 1666 in
541 1604 632 1668 hunc
652 1614 783 1670 statum
804 1605 957 1670 illabitur
975 1607 1051 1688 ipso
1067 1609 1256 1685 nesciente,
1273 1608 1391 1674 simili-

267 1708 322 1762 ter
351 1709 389 1762 ut
419 1701 453 1763 in
484 1701 623 1777 mundo,
645 1721 722 1764 cum
745 1700 889 1765 retrahit
919 1703 1170 1784 cogitationem
1196 1705 1391 1787 proximam

180 1851 182 1858 ,
267 1793 435 1876 loquelae,
456 1815 516 1858 seu
540 1805 585 1858 ex
609 1817 675 1879 qua
694 1796 843 1879 loquela,
863 1815 981 1861 versus
1000 1798 1208 1874 interiorem,
1229 1819 1268 1863 ac
1293 1801 1327 1862 in
1350 1821 1392 1865 ea

266 1901 428 1956 moratur.
474 1888 589 1972 Quare
609 1911 687 1955 cum
709 1891 816 1956 homo
835 1893 972 1974 spiritus
1002 1893 1036 1956 in
1066 1893 1131 1956 hoc
1156 1903 1251 1957 statu
1270 1903 1336 1971 est,
1356 1897 1390 1959 in

266 2003 302 2049 se
325 1987 402 2068 ipso
420 1995 485 2062 est,
506 1995 543 2049 et
573 1987 607 2049 in
636 1987 711 2068 ipsa
734 2007 796 2050 sua
814 1988 911 2066 vita3
944 2005 1023 2050 nam
1043 1987 1150 2052 libere
1169 1989 1324 2070 cogitare
1343 2009 1390 2054 ex

266 2082 402 2162 propria
421 2077 612 2156 affectione,
630 2092 685 2145 est
704 2082 779 2164 ipsa
796 2083 870 2146 vita
888 2083 1048 2158 hominis,
1068 2092 1105 2146 et
1125 2092 1180 2147 est
1199 2085 1282 2166 ipse.

328 2187 432 2259 5⁰3·
462 2174 607 2258 Spiritus
624 2177 658 2240 in
676 2176 744 2240 hoc
760 2185 856 2241 statu
874 2179 1011 2259 cogitat
1029 2199 1076 2242 ex
1095 2179 1170 2261 ipsa
1188 2198 1249 2242 sua
1265 2179 1388 2242 volun-

265 2281 350 2347 tate,
371 2272 420 2335 ita
438 2292 483 2335 ex
500 2273 574 2354 ipsa
592 2292 654 2335 sua
671 2269 862 2349 affectione,
883 2293 942 2336 seu
962 2293 1007 2338 ex
1026 2274 1102 2355 ipso
1122 2293 1184 2336 suo
1202 2291 1330 2351 amore,
1351 2284 1388 2338 et

222 2421 233 2446 ,
264 2377 347 2430 tunc
367 2367 536 2449 cogitatio
555 2385 658 2431 unum
678 2367 760 2430 iacit
780 2385 857 2430 cum
876 2367 1069 2444 voluntate,
1089 2387 1129 2431 ac
1146 2369 1196 2434 ita
1215 2388 1330 2444 unum,
1350 2379 1388 2434 ut

264 2464 323 2525 vix
357 2472 524 2544 appareat
558 2463 649 2545 quod
683 2465 828 2544 cogitet,
863 2463 925 2526 sed
957 2463 1048 2545 quod
1078 2462 1172 2526 velit.
1223 2462 1389 2528 Similiter

264 2578 374 2640 paene
404 2577 482 2621 cum
513 2559 682 2641 loquitur;
713 2577 791 2622 cum
818 2557 1011 2622 differentia
1041 2567 1170 2635 tamen,
1190 2560 1283 2642 quod
1310 2579 1387 2624 curn

264 2654 379 2736 aliquo
402 2655 536 2729 timore,
558 2673 601 2716 ne
624 2655 780 2734 cogitata
803 2653 994 2717 voluntatis
1018 2655 1110 2718 nuda
1132 2663 1275 2731 exeant,
1300 2675 1385 2738 quo·

264 2751 355 2812 niam
375 2749 410 2812 id
429 2749 535 2812 etiam
554 2747 745 2812 voluntatis
764 2747 835 2830 ejus
854 2746 981 2814 facturn
1000 2757 1054 2813 est
1073 2769 1119 2813 ex
1143 2750 1233 2813 civili
1256 2750 1328 2814 vita
1351 2753 1385 2814 in

264 2845 404 2908 mundo.

325 2952 429 3021 504.
459 2936 601 3014 Omnes,
619 2947 839 3022 quotcunque
854 2947 934 3002 sunt
952 2937 1120 3015 homines,
1138 2948 1219 3021 post
1238 2949 1386 3004 mortem

262 3037 296 3100 in
314 3035 404 3100 hunc
424 3044 556 3098 statum
574 3035 817 3108 immittuntur,
834 3035 913 3118 quia
930 3033 989 3100 ille
1008 3043 1062 3098 est
1079 3035 1233 3117 proprius
1249 3036 1387 3117 spiritus

263 3149 392 3194 eorum.
437 3129 531 3193 Prior
546 3137 659 3192 status
678 3138 732 3192 est
749 3129 859 3212 qualis
875 3129 981 3192 homo
994 3129 1135 3212 ²¹³quoad
1152 3131 1307 3211 spiritum
1323 3131 1386 3194 luit

263 3226 297 3288 in
316 3225 512 3300 consortiis
527 3225 583 3308 qui
602 3233 715 3288 status
733 3245 802 3288 non
821 3233 876 3290 est
899 3225 1055 3308 proprius
1078 3224 1160 3306 ejus.
1204 3223 1307 3306 Quod
1330 3224 1386 3290 hic

263 3329 386 3396 status,
412 3339 471 3384 seu
494 3329 606 3384 status
630 3322 852 3396 exteriorum,
876 3321 910 3385 in
940 3339 1009 3404 quo
1032 3320 1138 3384 homo
1160 3321 1307 3401 primum
1330 3329 1386 3385 est

262 3427 343 3500 post
366 3425 526 3490 mortem,
550 3415 594 3478 de
617 3432 684 3497 quo
707 3417 741 3488 in
764 3416 993 3498 praecedente
1017 3415 1163 3478 articulo
1181 3413 1296 3479 actum
1318 3425 1384 3490 est,

263 3529 331 3576 non
356 3514 400 3575 sit
424 3512 579 3594 proprius
602 3509 684 3591 ejus,
705 3521 865 3576 constare
888 3520 1007 3592 potest
1031 3531 1051 3573 a
1074 3510 1244 3593 pluribus;
1278 3520 1316 3574 ut
1338 3530 1385 3574 ex

262 3629 314 3684 eo,
333 3609 424 3690 quod
444 3609 582 3689 spiritus
602 3625 671 3669 non
690 3606 795 3669 modo
814 3607 982 3686 cogitent,
997 3607 1058 3668 sed
1078 3606 1184 3668 etiam
1201 3605 1387 3688 loquantur

262 3723 307 3768 ex
327 3723 388 3767 sua
404 3699 595 3776 affectione,
613 3719 693 3764 nam
713 3699 851 3783 loquela
865 3700 1000 3764 illorum
1020 3711 1074 3764 est
1093 3721 1139 3763 ex
1158 3699 1227 3776 illa,
1245 3708 1282 3763 ut
1301 3718 1384 3762 con·

261 3807 354 3863 stare
373 3807 493 3880 potest
516 3817 561 3860 ex
585 3797 625 3860 iis
649 3795 788 3877 quaein
811 3794 960 3858 articulo
981 3795 1025 3858 de
1048 3793 1206 3876 Loquela
1225 3793 1383 3875 Angelo-

261 3913 334 3958 rum
356 3892 403 3976 (n.
423 3895 598 3974 234-245),
619 3889 712 3954 dieta
734 3901 770 3954 et
794 3901 938 3954 ostensa
956 3901 1046 3953 sunt.
1091 3890 1255 3954 Similiter
1277 3891 1384 3953 etiam

261 3991 366 4054 homo
386 3990 556 4070 cogitavit
579 3989 612 4050 in
637 3987 776 4061 mundo,
796 4005 874 4049 cum
898 3986 988 4048 intra
1010 4006 1068 4062 se;
1105 4003 1183 4048 nam
1207 3993 1291 4048 tunc
1314 4003 1384 4048 non
1469 4047 1473 4054 ,

261 4086 432 4168 cogitavit
456 4105 501 4147 ex
525 4082 662 4165 loquela
681 4082 741 4145 sui·
755 4081 919 4163 corporis,
936 4081 997 4144 sed
1021 4081 1126 4144 modo
1144 4080 1229 4144 vidit
1251 4079 1322 4155 illa,
1341 4100 1384 4146 ac

261 4181 362 4246 simul
392 4179 489 4262 plura
518 4179 610 4242 intra
633 4177 802 4241 minutum
826 4177 1004 4258 temporis,
1026 4195 1128 4259 quam
1158 4177 1238 4239 dein
1267 4176 1383 4258 potuit

261 4295 321 4360 per
339 4275 559 4339 semihorium
579 4272 704 4356 eloqui.
750 4271 852 4354 Quod
876 4281 990 4335 status
1012 4272 1224 4336 exteriorum
1244 4289 1314 4334 non
1336 4271 1383 4334 sit

261 4371 417 4454 proprius
441 4369 589 4434 hominis
618 4389 678 4432 seu
705 4367 776 4449 ejus
802 4367 952 4450 spiritus,
977 4367 1082 4430 etiam
1112 4375 1211 4449 patet
1240 4383 1286 4428 ex
1316 4385 1380 4429 eo:

261 4465 353 4549 quod
370 4482 447 4528 cum
466 4466 500 4528 in
516 4465 646 4528 mundo
661 4473 715 4527 est
731 4465 765 4526 in
781 4461 975 4537 consortiis,
990 4472 1072 4525 tunc
1086 4461 1244 4544 loquatur
1259 4480 1381 4524 secun·

261 4559 343 4624 dum
366 4558 464 4642 leges
485 4560 579 4624 vitae
601 4557 741 4622 moralis
764 4567 800 4620 et
823 4556 943 4631 civilis,
963 4567 998 4620 et
1022 4556 1112 4638 quod
1136 4567 1216 4620 tunc
1240 4555 1382 4618 interior

262 4657 433 4738 cogitatio
451 4665 549 4737 regat
569 4655 787 4726 exteriorem,
807 4653 894 4715 sicut
914 4671 999 4714 unus
1018 4649 1193 4720 aliumne
1213 4651 1380 4732 procedat
