3408 5358
268 574 270 585 ’
298 603 361 685 238
624 615 676 668 oe
697 614 825 668 canno
845 615 893 666 ar
917 615 1099 668 rurrnuo.

297 807 367 852 non
382 785 552 869 jucundat
569 797 707 852 mentes
725 804 865 863 eorunm
887 785 1023 850 caelum
1042 785 1133 850 enim
1153 800 1230 849 cum
1254 805 1321 850 suo
1335 803 1420 868 gau·

297 882 355 948 dio
373 881 482 946 influit
500 882 686 964 in‘singula
704 883 798 946 vitae
814 899 941 946 eorum.
987 878 1208 962 Quapropter
1223 899 1320 944 amor
1338 899 1420 944 con·

294 975 431 1060 jugialis
459 987 740 1061 repraesentatur
754 1013 757 1018 ·
773 978 806 1040 in
837 976 937 1040 caelo
965 993 1027 1058 per
1055 975 1293 1056 pulcherrirna.
1338 972 1422 1040 Vidi

295 1071 392 1138 illum
415 1082 716 1154 repraesentatum
747 1091 807 1153 per
837 1072 1004 1162 virginem
1033 1069 1296 1151 pulchritudinis
1321 1070 1420 1134 inex-

298 1167 487 1250 pressibilis
509 1165 657 1232 cinctam
681 1167 830 1232 candida
855 1167 968 1232 nube:
1003 1162 1134 1230 dictum
1161 1175 1227 1242 est,
1251 1166 1343 1248 quod
1367 1185 1421 1230 -ex

289 1281 416 1326 amore
435 1261 620 1345 conjugiali
647 1263 692 1326 sit
716 1263 828 1328 omnis
848 1261 1069 1344 pulchritudo
1084 1261 1217 1342 angelis
1247 1262 1282 1324 in
1311 1261 1420 1326 eaelo.

294 1355 510 1422 Affectiones
539 1367 575 1422 et
609 1359 847 1440 cogitationes
877 1377 923 1420 ex
957 1357 1019 1420 illo
1048 1365 1330 1438 repraesentatur
1360 1375 1421 1438 per

295 1472 394 1518 anuas
412 1453 655 1518 adamantinas
673 1473 720 1516 ex
742 1453 839 1534 quasi
857 1453 997 1534 pyropis
1019 1460 1055 1515 et
1077 1451 1204 1516 rubinis
1226 1450 1420 1516 scintillan-

295 1559 360 1623 tes,
380 1559 417 1615 et
441 1549 506 1613 hoc
530 1568 607 1613 cum
626 1547 757 1612 deliciis
775 1569 865 1630 quae
886 1546 1040 1612 afficiunt
1059 1548 1223 1611 interiora
1241 1549 1420 1612 mentium.

295 1641 414 1708 Verbo
437 1646 471 1708 in
493 1663 611 1708 amore
630 1643 814 1725 conjugiali
843 1663 880 1708 se
910 1652 1153 1725 repraesentat
1176 1642 1322 1719 caelum,
1342 1644 1422 1725 quia

295 1739 430 1804 caelum
447 1741 538 1824 apud
556 1739 703 1822 angelos
721 1749 777 1803 est
795 1736 992 1820 conjunctio
1009 1739 1091 1802 boni
1112 1748 1149 1803 et
1171 1739 1254 1816 veri,
1274 1749 1311 1805 et
1333 1739 1420 1804 haec

295 1831 491 1916 conjunctio
509 1833 591 1900 facit
609 1853 764 1898 amorem
782 1833 1022 1916 conjugialem.

356 1937 581 2020 wammam.
603 1938 772 2021 Conjugia
791 1939 825 2002 in
844 1939 950 2003 caelis
968 1937 1130 2003 differunt
1153 1957 1173 2002 a
1195 1935 1363 2020 conjugiis
1385 1939 1419 2003 in

295 2033 406 2107 terris,
426 2033 460 2094 in
480 2052 533 2108 eo,
553 2035 646 2116 quod
665 2035 826 2116 conjugia
847 2035 882 2097 in
906 2035 1008 2098 terris
1029 2034 1167 2116 insuper
1190 2035 1259 2098 sint
1279 2044 1421 2116 propter

294 2129 570 2210 procreationem
593 2130 736 2204 sobolis,
760 2149 829 2194 non
852 2141 972 2194 autem
998 2130 1036 2192 in
1065 2129 1192 2208 caelis3
1227 2129 1306 2193 loco
1329 2129 1424 2194 illius

294 2223 543 2304 procreationis
561 2235 616 2288 est
635 2225 670 2288 in
688 2225 794 2288 caelis
811 2225 1006 2307 procreatio
1025 2223 1107 2288 boni
1130 2233 1167 2287 et
1189 2225 1271 2290 veri.
1317 2223 1422 2306 Quod

295 2319 380 2382 haec
400 2321 594 2399 procreatio
617 2319 697 2384 loco
714 2320 805 2384 illius
827 2321 885 2395 sit,
905 2329 960 2384 est
983 2320 1062 2402 quia
1084 2319 1282 2401 conjugium
1301 2337 1419 2384 eorum

295 2422 350 2478 est
373 2412 568 2495 conjugium
589 2415 669 2479 boni
692 2425 729 2480 et
752 2415 834 2493 veri,
854 2423 893 2479 ut
917 2433 1019 2497 supra
1042 2423 1221 2479 ostensum
1240 2425 1305 2492 est,
1326 2425 1363 2479 et
1386 2416 1420 2480 in

294 2528 338 2572 eo
367 2509 530 2590 conjugio
559 2530 662 2592 supra
690 2512 806 2574 omnia
834 2519 970 2574 amatur
995 2511 1123 2574 bonum
1153 2519 1190 2574 et
1219 2529 1349 2586 verum,
1380 2531 1419 2574 ac

296 2622 413 2667 eorum
437 2602 655 2685 conjunctim
686 2607 765 2670 ideo
787 2605 873 2669 haec
903 2615 982 2668 sunt
1005 2625 1093 2688 quae
1123 2627 1169 2670 ex
1196 2605 1364 2688 conjugiis
1385 2608 1419 2669 in

296 2697 401 2762 caelis
424 2711 670 2781 propagantur.
716 2701 802 2765 Inde
825 2711 891 2775 est,
911 2701 1002 2783 quod
1026 2721 1086 2782 per
1106 2701 1365 2766 “nativitates''
1384 2711 1420 2766 et

297 2797 568 2874 “generationes
578 2796 593 2821 ”
606 2798 641 2860 in
657 2795 775 2860 Verbo
791 2795 1028 2878 significentur
1040 2797 1243 2860 nativitates
1260 2805 1298 2860 ot
1313 2815 1418 2879 gene-

293 2891 446 2954 rationes
464 2891 672 2973 spirituales,
689 2911 777 2975 quae
796 2901 876 2956 sunt
893 2883 977 2955 lroni
996 2901 1032 2956 et
1050 2893 1142 2971 veri;
1166 2913 1227 2975 per
1245 2898 1419 2956 “matrem

239 3029 242 3038 ·
294 2995 331 3049 et
354 2995 489 3066 patrem
498 2985 513 3010 ”
535 3005 653 3050 verum
676 2985 894 3068 conjunctum
917 2987 1010 3051 bono
1032 2988 1125 3069 quod
1148 2997 1329 3070 procreat3
1360 3005 1425 3070 per·

297 3079 414 3144 “filios
437 3091 473 3145 et
503 3080 613 3144 filias”
635 3102 718 3146 vera
740 3093 776 3146 et
800 3083 892 3146 bona
915 3101 1002 3165 quae
1025 3092 1271 3166 procreantur:
1301 3092 1338 3147 et
1361 3102 1422 3165 per

296 3181 472 3258 “generos
495 3186 532 3240 et
556 3195 659 3240 nurus
669 3175 684 3203 ’'
708 3175 966 3259 conjunctiones
988 3177 1122 3255 luorum,
1142 3189 1179 3243 et
1202 3179 1250 3242 sic
1274 3176 1419 3260 porro.('l

683 3425 734 3477 [(ιι
748 3435 847 3467 arcanis
860 3427 1034 3479 amaus„

350 3551 392 3620 (r)
417 3548 507 3622 Quod
528 3555 544 3578 '¹
552 3563 628 3606 conc
667 3549 793 3612 tiones.”
806 3556 822 3578 ‘⁶
869 3549 962 3612 rtus‚”
978 3548 1206 3612 “nativitates''
1223 3560 1255 3604 et
1274 3556 1421 3621 “genera-

293 3620 419 3678 tiones.”
431 3619 602 3706 significent
613 3631 646 3675 ta
658 3637 689 3676 es
699 3621 826 3690 spiritua
837 3637 879 3682 es,
890 3637 968 3691 quae
977 3632 1049 3676 sum
1062 3621 1133 3676 boni
1146 3633 1178 3676 et
1190 3621 1261 3683 veri.
1272 3637 1324 3676 seu
1337 3637 1420 3676 amo-

295 3692 335 3747 ris
354 3701 385 3746 et
404 3689 473 3746 fider
496 3693 535 3759 (n.
551 3691 613 3759 613,
633 3703 708 3759 1145,
728 3689 820 3761 1755[?
843 3705 873 3745 12
896 3691 931 3760 51,
952 3705 1030 3755 2020,
1050 3691 1129 3761 2584,
1150 3691 1231 3762 3860,
1247 3691 1325 3761 3868,
1338 3704 1419 3759 4070,

294 3704 934 3852 4668623980429325.1999810298,
1047 3833 1052 3846 ,
1099 3833 1105 3846 ,
1378 3834 1385 3848 ,

348 3832 437 3905 Quod
458 3833 527 3886 inde
547 3840 562 3861 “
571 3843 726 3904 generatio
768 3841 800 3886 et
819 3839 834 3860 ‘⁸
843 3843 984 3888 nativitas
993 3832 1009 3854 ”
1029 3833 1200 3905 significent
1218 3843 1420 3904 regeneratio·

294 3919 364 3960 nem
377 3914 409 3958 et
422 3905 639 3958 renascentiam
651 3919 704 3974 per
715 3901 805 3958 fidem
815 3913 847 3956 et
859 3919 992 3960 amorem
1008 3905 1048 3972 (n.
1061 3905 1137 3974 5160.
1151 3917 1164 3974 5
1169 3905 1226 3974 598,
1237 3919 1317 3974 9042,
1327 3905 1419 3974 9845).

348 3972 438 4045 Quod
452 3981 469 4002 ⁶·
477 3983 574 4028 mater
583 3973 598 3994 '⁹
616 3972 766 4045 significet
791 3973 949 4028 ecclesiam
974 3975 1074 4045 quoad
1096 3991 1210 4037 verum,
1231 3975 1274 4029 ita
1298 3991 1360 4045 quo
1384 3991 1420 4029 ue

293 4060 397 4100 verum
413 4045 572 4107 eeclesiam
591 4051 607 4074 ‘¹
653 4055 701 4099 ter
709 4045 724 4065 ”
740 4044 897 4099 ecclesiam
914 4047 1013 4115 quoad
1030 4047 1153 4108 bonurn,
1170 4046 1212 4100 ita
1229 4059 1351 4116 quoque

294 4132 366 4171 num
379 4115 523 4171 eeclesiae
536 4117 577 4186 (n.
591 4061 668 4185 πει,
682 4127 760 4182 2717.
775 4127 853 4184 3703.
868 4115 963 4185 5580[?
977 4116 1066 4186 55811.
1080 4116 1172 4186 8897).

347 4183 438 4260 Quod
452 4193 467 4214 ‘⁴
477 4185 553 4240 filii''
563 4185 734 4311 significent
747 4183 923 4242 affectiones
936 4187 1008 4250 veri,
1022 4187 1064 4242 ita
1076 4203 1147 4243 vera
1160 4186 1345 4258 (9489491,
1361 4199 1420 4258 533.
1464 4157 1468 4167 Ι

295 4256 898 4382 Μωψωμ.Η

347 4327 438 4400 Quod
455 4327 560 4382 “filiae
577 4328 584 4350 '
599 4327 657 4382 alle
690 4343 775 4383 rones
793 4328 875 4391 bom,
890 4337 933 4384 ιιι
950 4329 1032 4384 bona
1051 4329 1092 4398 (n.
1108 4329 1170 4398 489,
1185 4343 1247 4398 490,
1262 4341 1324 4398 49¹.
1341 4327 1419 4398 2362,

294 4399 347 4468 ³⁹⁶
385 4399 754 4524 ⁶⁷²⁹:,⁶⁷⁷⁵·⁶,.⁷⁷⁸.›⁹9{⁵)⁹
1001 4471 1007 4484 ,
1207 4469 1213 4484 ,
1260 4471 1266 4484 ,
1351 4471 1358 4484 ,

347 4415 437 4608 quw
479 4485 572 4542 gener
615 4487 693 4544 signi
717 4479 766 4526 cet
784 4483 889 4526 verum
912 4481 1093 4526 associatum
1113 4469 1267 4526 affeclrom
1287 4469 1359 4526 bom
1379 4476 1420 4538 (n.

295 4539 365 4609 ²3⁸9
379 4581 386 4596 .

347 4609 437 4684 Quod
451 4619 468 4642 ‘⁴
477 4627 569 4668 nurus
577 4611 594 4634 '⁹
606 4610 756 4684 significet
769 4613 881 4668 bonurn
896 4614 1078 4669 associatum
1092 4628 1148 4668 suo
1159 4629 1232 4669 vero
1246 4613 1287 4683 (n.
1299 4611 1392 4682 4843).
