3408 5358
286 657 544 723 UNUSQUISQUE
562 653 673 708 HOMO
690 653 757 706 EST
769 652 936 706 SPIRITUS
949 653 1080 718 Quone
1093 653 1315 706 INTERIORA.
1341 641 1403 722 269

345 843 444 912 434.
477 828 593 891 Homo
611 845 681 890 non
697 833 815 910 potest
831 826 986 908 cogitare
1005 834 1041 889 et
1059 823 1160 901 velle,
1179 827 1242 889 nisi
1260 827 1306 890 sit
1322 827 1401 890 sub·

285 921 408 1004 jectum
431 922 522 1005 quod
545 922 741 986 substantia
759 941 804 984 ex
828 941 896 1002 quo
918 931 954 984 et
977 921 1011 983 in
1034 939 1121 1004 quo;
1155 921 1244 1003 quod
1265 919 1403 1001 putatur

285 1019 435 1083 existere
465 1015 593 1099 absque
623 1013 778 1097 subjecto
801 1015 1031 1091 substantiali,
1055 1014 1121 1078 hoc
1145 1014 1227 1077 nihil
1251 1023 1316 1078 est.
1362 1015 1402 1078 ld

284 1113 360 1176 sciri
383 1120 502 1194 potest
525 1129 570 1174 ex
593 1131 647 1186 eo,
667 1110 758 1193 quod
781 1110 886 1173 horno
909 1129 978 1173 non
1000 1109 1116 1172 videre
1139 1110 1250 1191 possit
1273 1109 1403 1192 absque

284 1227 416 1290 organo
434 1206 526 1288 quod
547 1215 602 1271 est
624 1203 815 1288 subjeilum
833 1206 925 1268 visus
948 1204 1031 1287 ejus,
1051 1223 1115 1268 nec
1138 1205 1255 1268 audire
1273 1205 1402 1288 absque

284 1321 416 1384 organo
435 1301 527 1382 quod
545 1309 600 1364 est
618 1297 807 1382 subjettum
826 1300 962 1364 auditus
981 1299 1074 1381 ejus;
1097 1299 1189 1363 visus
1207 1307 1244 1362 et
1263 1300 1403 1363 auditus

284 1397 414 1480 absque
433 1396 500 1460 illis
519 1393 603 1459 nihil
621 1405 713 1470 sunt,
734 1413 797 1458 nec
821 1394 958 1458 dantur.
1002 1393 1057 1457 Ita
1077 1413 1212 1477 quoque
1235 1394 1404 1476 cogitatio

285 1511 371 1574 quae
393 1501 448 1555 est
470 1491 562 1554 visus
584 1490 750 1564 internus,
770 1497 806 1553 et
828 1490 1052 1572 apperceptio
1073 1509 1161 1572 quae
1188 1499 1242 1553 est
1265 1490 1403 1553 auditus

285 1587 448 1660 internus,
469 1586 532 1648 nisi
548 1584 582 1648 hi
600 1584 713 1648 forent
732 1583 767 1647 in
785 1583 988 1648 substantiis
1003 1591 1039 1648 et
1057 1603 1103 1647 ex
1122 1581 1200 1657 illis,
1217 1605 1305 1667 quae
1323 1594 1402 1649 sunt

285 1679 414 1744 formae
437 1679 630 1760 organicae,
654 1698 741 1761 quae
764 1675 928 1758 subjecta,
948 1697 1085 1759 prorsus
1107 1697 1177 1741 non
1199 1680 1402 1743 existerent.

285 1773 343 1836 Ex
359 1773 479 1856 quibus
495 1783 655 1838 constare
671 1781 800 1854 potest,
813 1772 904 1854 quod
921 1773 1058 1854 spiritus
1073 1771 1220 1836 hominis
1236 1774 1280 1836 sit
1296 1793 1403 1857 aeque

286 1869 320 1930 in
346 1866 465 1944 forma,
490 1877 526 1932 et
554 1868 646 1950 quod
674 1867 722 1931 sit
747 1867 782 1931 in
810 1866 919 1930 forma
945 1866 1103 1941 humana,
1123 1877 1159 1930 et
1182 1867 1274 1949 quod
1297 1887 1403 1950 aeque

286 1963 447 2026 sensoriis
462 1971 499 2025 et
518 1962 673 2027 sensibus
691 1961 843 2043 gaudeat
861 1979 938 2024 curn
957 1969 1136 2044 separatus
1152 1971 1206 2024 est
1223 1981 1244 2024 a
1261 1981 1403 2042 corpore

286 2058 374 2120 sicut
392 2075 469 2120 curn
488 2056 522 2118 in
541 2056 601 2119 illo
618 2056 702 2134 suit;
727 2064 763 2120 et
783 2055 875 2138 quod
894 2073 996 2119 omne
1014 2057 1108 2120 vitae
1127 2055 1227 2130 oculi,
1248 2065 1283 2119 et
1302 2073 1404 2120 omne

285 2152 377 2215 vitae
393 2151 493 2226 auris,
506 2151 612 2214 verbo
628 2170 730 2214 omne
746 2151 839 2214 vitae
855 2169 986 2226 sensus,
1000 2149 1091 2232 quod
1107 2159 1162 2214 est
1177 2149 1317 2226 homini,
1335 2169 1403 2214 non

286 2245 332 2308 sit
350 2246 501 2327 corporis
520 2245 603 2326 ejus,
623 2245 685 2309 sed
708 2245 847 2326 spiritus
870 2243 940 2325 ejus
959 2244 992 2308 in
1011 2243 1078 2308 illis
1098 2254 1133 2308 et
1152 2245 1186 2307 in
1205 2243 1403 2326 singularis·

287 2340 380 2402 simis
398 2339 543 2403 illorum.
589 2338 675 2402 Inde
698 2349 763 2415 est,
784 2339 876 2422 quod
899 2339 1037 2420 spiritus
1059 2359 1167 2421 aeque
1190 2357 1230 2402 ac
1249 2338 1404 2402 homines

286 2434 438 2510 videant,
462 2434 615 2510 audiant,
640 2443 676 2497 et
706 2435 870 2510 sentiant,
895 2453 1013 2498 verum
1043 2443 1122 2514 post
1151 2433 1360 2498 solutionem
1383 2454 1404 2497 a

288 2547 431 2609 corpore
460 2547 529 2591 non
552 2528 586 2590 in
610 2527 758 2592 naturali
787 2527 916 2592 mundo
945 2527 1007 2592 secl
1031 2527 1066 2590 in
1089 2528 1257 2610 spirituali
1271 2549 1280 2606 ;
1311 2531 1404 2610 quod

288 2623 426 2704 spiritus
449 2623 595 2686 senserit
619 2622 822 2687 naturaliter
845 2641 923 2686 curn
944 2622 1006 2686 luit
1023 2623 1057 2686 in
1076 2643 1231 2706 corpore,
1251 2633 1326 2688 erat
1344 2643 1406 2704 per

289 2716 466 2780 materiale
488 2717 583 2799 quod
603 2717 634 2780 ei
656 2715 837 2798 adjectum,
855 2717 916 2780 sed
940 2737 1046 2800 usque
1068 2725 1150 2782 tunc
1173 2715 1274 2782 simul
1297 2720 1405 2782 sensit

288 2811 522 2893 spiritualiter,
542 2812 731 2892 cogitando
749 2821 785 2876 et
803 2811 966 2875 volendo.
1245 2865 1247 2873 .

351 2917 451 2988 435·
482 2904 580 2968 Haec
597 2902 688 2968 dicta
707 2915 798 2980 sunt,
817 2905 863 2968 ob
880 2923 1018 2968 causam
1041 2915 1079 2970 ut
1102 2906 1280 2970 rationalis
1298 2905 1404 2970 homo

289 2998 466 3062 evincatur
484 2999 574 3080 quod
597 2997 702 3063 horno
720 3000 754 3062 in
774 3019 811 3064 se
830 2997 1007 3081 spectatus
1025 3001 1070 3064 sit
1088 3001 1237 3081 spiritus,
1258 3009 1294 3064 et
1314 3003 1406 3084 quod

290 3111 491 3175 corporeum
510 3094 540 3156 ei
559 3091 730 3172 adjectum
746 3091 958 3158 functionum
977 3115 1078 3158 causa
1101 3095 1135 3157 in
1158 3095 1287 3158 mundo
1305 3106 1406 3159 natu·

290 3185 352 3250 rali
374 3195 411 3252 et
440 3187 610 3250 materiali
633 3205 702 3250 non
724 3188 770 3250 sit
793 3187 909 3261 horno,
933 3189 995 3251 sed
1018 3188 1123 3251 modo
1145 3189 1407 3254 instrumentale

290 3281 361 3362 ejus
379 3281 526 3363 spiritus.
571 3279 701 3345 Verum
717 3293 896 3362 praestant
911 3281 1190 3346 confirmationes
1208 3283 1253 3354 ab
1271 3287 1406 3366 experi-

290 3376 395 3450 entia,
413 3377 573 3458 quoniam
591 3376 770 3440 rationalia
792 3395 813 3440 a
835 3377 986 3459 pluribus
1005 3395 1075 3440 non
1093 3377 1284 3459 capiuntur,
1304 3387 1340 3443 et
1363 3379 1408 3443 ab

290 3471 358 3534 illis
373 3472 429 3553 qui
444 3490 482 3534 se
493 3469 780 3535 confirmaverunt
797 3471 830 3534 in
847 3473 1021 3536 contrario
1033 3481 1212 3536 vertuntur
1227 3473 1260 3535 in
1276 3494 1329 3537 res
1345 3475 1407 3538 du·

290 3565 364 3628 bias
380 3583 440 3646 per
455 3565 633 3628 ratiocinia
647 3585 693 3628 ex
709 3564 853 3629 fallaciis
871 3583 1041 3628 sensuum.
1086 3564 1153 3647 Qui
1172 3585 1210 3630 se
1228 3566 1406 3631 confirma-

289 3667 413 3722 verunt
431 3660 464 3721 in
483 3659 666 3734 contrario,
684 3660 839 3741 cogitare
858 3660 974 3724 solent
993 3660 1085 3744 quod
1103 3661 1235 3725 bestiae
1253 3661 1408 3726 similiter

290 3755 409 3818 vivant
433 3763 469 3816 et
491 3754 655 3824 sentiant.
676 3761 712 3818 et
735 3755 783 3818 sic
806 3754 899 3836 quod
918 3755 985 3818 illis
1003 3775 1138 3838 quoque
1156 3755 1331 3836 spirituale
1350 3758 1406 3830 sit,

291 3847 401 3911 simile
417 3847 508 3930 quod
526 3847 677 3926 homini3
701 3857 738 3930 et
756 3858 873 3912 tamen
894 3847 978 3912 illud
996 3867 1073 3914 curn
1091 3869 1232 3932 corpore
1249 3850 1406 3914 moritur:

291 3943 353 4006 sed
371 3941 559 4006 bestiarum
577 3941 752 4022 spirituale
770 3961 838 4006 non
862 3942 934 4007 tale
957 3953 1022 4018 est,
1042 3943 1143 4028 quale
1160 3953 1213 4008 est
1231 3945 1407 4026 spirituale

291 4037 458 4115 hominis;
485 4047 538 4100 est
565 4037 656 4099 enirn
678 4037 817 4111 homini,
834 4057 905 4101 non
927 4037 1059 4114 bestiis,
1076 4041 1240 4113 intimum,
1260 4041 1293 4102 in
1317 4040 1408 4122 quod

292 4131 452 4194 Divinum
472 4129 591 4205 influit,
611 4149 650 4192 ac
670 4129 783 4194 elevat
801 4131 845 4193 ad
867 4151 917 4208 se,
934 4139 972 4195 et
994 4151 1056 4212 per
1077 4133 1111 4195 id
1134 4131 1311 4215 conjungit
1331 4134 1406 4208 sibi,

292 4226 371 4288 inde
386 4226 492 4288 horno
508 4244 589 4307 prae
604 4223 716 4288 bestia
732 4225 887 4306 cogitare
904 4235 1021 4306 potest
1037 4225 1080 4290 de
1097 4225 1182 4302 Deo,
1198 4247 1236 4290 ac
1253 4228 1296 4290 de
1313 4227 1407 4291 Divi·

292 4317 344 4378 nis
356 4335 442 4399 quae
455 4326 535 4380 sunt
548 4316 634 4381 caeli
647 4326 683 4381 et
695 4317 876 4396 ecclesiae,
890 4329 926 4384 et
939 4340 1054 4385 amare
1067 4319 1177 4384 Deum
1190 4341 1235 4384 ex
1246 4321 1312 4385 illis
1323 4331 1357 4385 et
1374 4323 1406 4386 in

292 4409 371 4485 illis,
388 4420 424 4474 et
443 4412 491 4473 sic
511 4411 580 4494 Ipsi
596 4411 775 4494 conjungi3
798 4423 834 4476 et
851 4413 943 4497 quod
959 4413 1120 4497 conjungi
1139 4415 1264 4479 Divino
1279 4425 1406 4496 potest,

293 4523 361 4569 non
374 4503 529 4587 dissipari
542 4516 677 4588 potest:
701 4507 763 4570 sed
776 4507 868 4590 quod
884 4525 952 4572 non
964 4507 1124 4591 conjungi
1137 4517 1254 4591 potest
1272 4509 1406 4586 Divino,

292 4597 358 4663 hoc
381 4597 573 4680 dissipatur.
619 4599 671 4662 De
692 4599 816 4664 intirno
835 4601 927 4684 quod
949 4613 1003 4668 eet
1025 4603 1154 4667 homini
1177 4624 1258 4687 prae
1277 4605 1407 4671 bestiis.
