3408 5358
623 685 676 740 DE
697 685 823 742 CAELO
846 687 895 740 ΕΤ
917 686 1099 742 INFERNO.

785 1049 929 1135 [xm]

460 1243 518 1309 Da
542 1243 696 1311 Gnuoro
719 1257 768 1309 ur
792 1245 1028 1310 anrcmra
1052 1244 1254 1311 Cusussm.

357 1443 459 1513 395·
490 1426 580 1510 Quid
600 1429 735 1494 caelum
754 1437 790 1494 et
809 1429 889 1513 quid
908 1429 1069 1511 gaudium
1089 1429 1253 1506 caeleste,
1273 1431 1332 1495 vix
1351 1430 1413 1496 ali·

294 1525 368 1608 quis
384 1525 487 1588 hodie
503 1526 609 1588 novit.
654 1523 722 1607 Qui
738 1525 782 1589 de
797 1525 857 1590 illo
873 1535 909 1588 et
929 1525 971 1588 de
991 1524 1055 1588 hoc
1072 1527 1324 1607 cogitaverunt,
1341 1536 1412 1590 tam

294 1637 511 1684 communem
527 1629 563 1683 et
582 1629 654 1683 tam
671 1639 821 1684 crassam
837 1620 949 1684 ideam
969 1620 1011 1683 de
1031 1619 1097 1682 illis
1115 1631 1358 1702 conceperunt,
1376 1631 1412 1686 ut

293 1717 352 1778 vix
377 1716 422 1778 sit
452 1713 576 1796 aliqua.
621 1714 678 1779 Ex
709 1715 895 1798 spiritibus,
915 1716 971 1796 qui
1000 1734 1019 1778 e
1049 1715 1177 1779 mundo
1206 1716 1240 1778 in
1267 1716 1411 1780 alteram

293 1811 401 1876 vitam
420 1811 572 1884 veniunt,
593 1811 724 1892 optime
743 1811 829 1874 scire
848 1811 943 1892 potui
963 1809 1100 1892 qualem
1123 1810 1166 1874 de
1189 1809 1287 1875 caelo
1309 1820 1345 1875 et
1369 1813 1411 1876 de

291 1906 418 1986 gaudio
434 1905 576 1969 caelesti
592 1905 783 1969 habuerunt
800 1905 1000 1984 notionem;
1025 1925 1104 1968 nam
1120 1903 1229 1970 relidli
1244 1905 1308 1968 sibi
1323 1906 1411 1970 sicut

290 2000 403 2065 forent
419 2002 453 2064 in
469 2001 608 2078 mundo,
622 2003 781 2084 cogitant
798 2001 964 2064 similiter.
1009 1999 1120 2065 Causa
1136 2001 1227 2084 quod
1243 2021 1312 2064 non
1325 2001 1411 2064 scia·

291 2106 347 2161 tur
365 2095 444 2179 quid
465 2097 627 2177 gaudium
647 2097 810 2172 caeleste,
830 2105 884 2160 est
903 2097 981 2178 quia
999 2095 1058 2171 illi,
1079 2097 1134 2178 qui
1154 2097 1196 2159 de
1215 2116 1257 2160 eo
1276 2097 1410 2178 cogita·

291 2201 425 2266 verunt,
446 2211 492 2254 ex
515 2191 649 2274 gaudiis
667 2191 833 2266 externis,
853 2211 940 2274 quae
963 2200 1043 2254 sunt
1067 2191 1231 2254 naturalis
1250 2189 1408 2266 hominis,

287 2285 537 2368 judicaverunt,
562 2305 626 2350 nec
651 2288 825 2350 sciverunt
849 2286 930 2368 quid
957 2285 1113 2349 internus
1138 2305 1198 2348 seu
1225 2285 1410 2366 spiritualis

289 2382 405 2456 homo,
423 2383 472 2444 ita
491 2400 554 2444 nec
573 2381 653 2463 quid
670 2380 740 2462 ejus
752 2377 939 2459 jucundum
959 2391 995 2444 et
1014 2381 1175 2457 beatum;
1198 2401 1302 2462 quare
1320 2381 1348 2444 si
1366 2379 1409 2444 ab

289 2477 366 2551 illis,
387 2478 442 2559 qui
464 2477 498 2539 in
522 2476 689 2557 spirituali
713 2497 772 2539 seu
791 2477 927 2540 interno
942 2475 1092 2557 jucundo
1114 2475 1260 2550 luerunt,
1281 2471 1409 2538 dietum

289 2575 419 2645 suisset,
437 2571 516 2653 quid
531 2579 572 2634 ‘et
592 2571 692 2652 quale
709 2571 870 2652 gaudium
890 2571 1053 2646 caeleste,
1075 2589 1143 2634 non
1163 2569 1408 2652 comprehendi

289 2667 469 2746 potuisset,
490 2665 673 2728 cecidisset
695 2666 786 2729 enim
815 2666 850 2728 in
881 2665 992 2730 ideam
1016 2667 1184 2747 ignotam,
1208 2665 1257 2728 ita
1283 2684 1352 2728 non
1375 2666 1407 2728 in

288 2762 558 2843 perceptionem,
578 2769 788 2842 quapropter
805 2761 895 2823 inter
912 2760 973 2824 illa
989 2759 1119 2834 suisset,
1136 2779 1224 2842 quae
1244 2759 1408 2822 naturalis

288 2855 393 2918 homo
412 2854 595 2936 rejecisset.
642 2852 794 2936 Quisque
811 2864 929 2918 tamen
945 2857 1031 2918 scire
1047 2863 1176 2937 potest,
1194 2853 1285 2935 quod
1303 2853 1408 2918 homo

219 3023 221 3030 Ι
285 2969 365 3030 pum
384 2959 566 3012 externum
586 2969 646 3012 seu
664 2948 853 3012 naturalem
870 2948 1044 3013 hominem
1060 2949 1230 3032 relinquit,
1248 2948 1282 3010 in
1300 2949 1406 3012 inter·

288 3063 368 3108 num
384 3065 443 3106 seu
460 3043 672 3125 spiritualem
687 3044 804 3107 veniat
818 3064 826 3122 ;
851 3044 930 3108 inde
946 3045 1022 3108 sciri
1039 3054 1167 3125 potest,
1181 3043 1273 3126 quod
1285 3041 1405 3124 jucun-

287 3140 369 3202 dum
399 3139 551 3218 caeleste
584 3139 628 3201 sit
655 3137 842 3219 jucundum
864 3139 1036 3202 internum
1058 3148 1095 3202 et
1125 3137 1312 3220 spirituale,
1337 3157 1405 3202 non

287 3245 403 3298 autem
426 3243 617 3310 externum,
640 3243 676 3298 et
707 3233 883 3310 naturale;
917 3243 953 3298 et
983 3235 1062 3316 quia
1090 3243 1145 3297 est
1167 3233 1339 3296 internum
1369 3243 1406 3297 et

287 3328 472 3413 spirituale,
498 3329 589 3410 quod
613 3329 658 3392 sit
677 3329 791 3410 purius
813 3337 849 3392 et
871 3329 1086 3410 exquisitius,
1106 3337 1142 3392 et
1165 3328 1257 3411 quod
1279 3327 1406 3393 afficiat

286 3425 450 3487 interiora
481 3423 639 3497 hominis,
669 3443 757 3504 quae
787 3432 868 3486 sunt
898 3421 970 3504 ejus
999 3424 1133 3486 animae
1166 3442 1226 3486 seu
1256 3423 1405 3504 spiritus.

288 3517 440 3601 Quisque
472 3537 518 3582 ex
551 3518 604 3581 his
638 3519 720 3582 solis
750 3518 955 3583 concludere
985 3528 1113 3601 potest,
1145 3519 1235 3600 quod
1270 3519 1341 3582 tale
1373 3519 1405 3582 ei

285 3613 467 3696 jucundum
484 3614 539 3688 sit,
553 3613 654 3696 quale
668 3613 777 3678 fuerat
790 3613 976 3695 jucundum
992 3613 1063 3695 ejus
1079 3614 1236 3696 spiritus;
1260 3623 1296 3677 et
1312 3614 1404 3696 quod

284 3709 467 3790 jucundum
485 3709 647 3789 corporis,
664 3707 755 3790 quod
772 3717 916 3772 vocatur
928 3707 1112 3789 jucundum
1128 3709 1249 3782 carnis,
1267 3728 1404 3790 respec-

286 3804 357 3866 tive
380 3821 449 3864 non
469 3801 621 3866 caeleste
640 3803 706 3866 sit:
737 3802 954 3884 quodetiam
977 3803 1011 3866 in
1033 3803 1153 3885 spiritu
1171 3802 1319 3867 hominis
1336 3813 1401 3880 est,

286 3917 363 3961 cum
377 3897 536 3979 relinquit
552 3916 686 3978 corpus,
702 3896 768 3961 hoc
784 3907 940 3962 remanet
956 3907 1035 3979 post
1051 3908 1210 3972 mortem,
1224 3917 1304 3961 nam
1321 3908 1402 3962 tunc

285 3993 369 4056 vivit
388 3993 492 4055 homo
511 3993 658 4074 spiritus.

348 4086 448 4167 396.
480 4083 605 4150 Omnia
624 4085 772 4168 jucunda
794 4087 965 4170 profluunt
988 4109 1033 4152 ex
1057 4107 1184 4164 amore,
1209 4107 1288 4152 nam
1311 4089 1401 4170 quod

286 4183 390 4246 homo
419 4191 512 4245 amat
539 4181 605 4244 hoc
632 4181 817 4262 jucundum
840 4184 969 4261 sentit3
1003 4203 1072 4246 non
1096 4183 1232 4248 aliunde
1259 4195 1313 4247 est
1344 4183 1401 4247 ulli

283 4277 468 4362 jucundum
484 4298 491 4354 ;
515 4277 595 4340 inde
611 4277 773 4360 sequitur,
787 4278 876 4360 quod
893 4277 1002 4361 qualis
1015 4299 1111 4342 amor
1123 4279 1193 4343 tale
1205 4279 1400 4361 jucundum.

284 4372 439 4454 Jucunda
458 4373 609 4453 corporis
627 4393 686 4434 seu
706 4374 816 4436 carnis
834 4375 949 4436 omnia
964 4373 1134 4456 profluunt
1153 4395 1198 4438 ex
1217 4393 1332 4436 amore
1352 4375 1401 4436 sui

285 4478 321 4531 et
344 4487 390 4530 ex
410 4487 526 4530 amore
545 4467 673 4542 mundi,
693 4467 772 4532 inde
791 4488 924 4550 quoque
943 4477 1023 4531 sunt
1043 4469 1342 4551 concupiscentiae
1365 4481 1400 4530 et

285 4581 400 4624 earum
431 4561 652 4643 voluptates;
686 4561 836 4644 jucunda
864 4573 980 4627 autem
1009 4565 1142 4628 animae
1175 4583 1234 4628 seu
1264 4563 1401 4644 spiritus

285 4658 400 4719 omnia
419 4657 589 4738 profluunt
608 4677 653 4720 ex
672 4677 787 4721 amore
806 4659 839 4721 in
860 4657 1043 4722 Dominum
1063 4669 1098 4722 et
1118 4679 1163 4723 ex
1183 4679 1299 4722 amore
1318 4679 1400 4740 erga
