3350 5366
282 637 343 718 348
601 648 651 699 nu
674 647 800 699 cneio
823 647 872 698 ur
895 646 1076 698 INFERNO.

280 819 488 884 admittendi
507 828 567 883 aut
585 818 771 901 recipiendi
789 819 916 882 bonum
936 827 971 882 et
991 819 1071 882 inde
1089 837 1206 882 verum
1226 839 1272 882 ex
1291 819 1399 884 caelu.

280 916 319 978 In
339 916 404 979 hoc
424 914 622 998 aequilibrio
641 923 781 977 tenetur
799 914 1027 997 unusquisque
1046 914 1152 978 homo
1170 935 1216 978 ex
1236 911 1398 990 Domino,

279 1011 357 1093 quia
386 1012 475 1092 regit
506 1020 687 1092 utrumque
717 1019 795 1074 tam
820 1009 959 1074 eaelum.
977 1027 1077 1092 quam
1107 1009 1285 1074 infernum.
1331 1009 1400 1074 Cur

279 1116 395 1169 autem
418 1105 524 1168 homo
553 1121 613 1186 per
636 1101 872 1185 aequilibrium
902 1105 936 1166 in
967 1103 1032 1167 hoc
1057 1099 1165 1167 libero
1188 1114 1338 1180 tenetur,
1362 1115 1398 1168 et

279 1219 347 1263 non
371 1221 416 1264 ex
441 1199 566 1262 Diuina
588 1199 746 1282 potentia
769 1198 799 1261 ei
822 1198 970 1262 aufertur
993 1199 1120 1261 malurn
1144 1207 1179 1262 et
1201 1198 1335 1276 falsum,
1357 1219 1396 1264 ac

277 1296 418 1360 insertur
440 1297 568 1360 bonum
591 1305 627 1360 et
650 1315 782 1371 verum,
804 1297 838 1360 in
862 1297 1085 1379 sequentibus
1108 1296 1142 1358 in
1166 1315 1227 1359 suo
1250 1297 1397 1360 articulo

277 1391 420 1455 dicetur.

339 1487 440 1569 538·
470 1485 600 1549 Datum
626 1494 680 1549 est
708 1484 891 1568 aliquoties
914 1487 1087 1570 percipere
1111 1485 1292 1568 sphaeram
1321 1486 1395 1549 salsi

277 1603 321 1645 ex
342 1581 435 1644 malo
454 1580 651 1644 effluentem
675 1601 720 1644 ex
744 1577 899 1644 inferno:
931 1591 1005 1644 erat
1025 1580 1084 1643 illa
1103 1581 1191 1644 sicut
1210 1591 1395 1664 perpetuus

277 1685 420 1740 conatus
449 1675 649 1739 destruendi
679 1695 781 1739 omne
812 1676 939 1738 bonum
969 1685 1005 1739 et
1035 1696 1163 1750 verum,
1194 1675 1394 1757 conjunbtus

276 1773 343 1834 irae
367 1780 404 1834 et
427 1769 532 1854 quasi
545 1769 646 1833 furori
668 1769 763 1852 quod
784 1787 852 1860 non
872 1779 1037 1852 possent;
1068 1771 1231 1854 imprimis
1250 1782 1394 1835 conatus

275 1865 485 1929 annihilandi
502 1875 538 1928 et
554 1865 753 1928 destruendi
771 1865 932 1927 Divinum
949 1865 1099 1940 Domini,
1117 1877 1153 1929 et
1172 1866 1237 1929 hoc
1254 1866 1332 1949 quia
1350 1867 1394 1929 ab

275 1961 355 2042 ipso
375 1979 476 2023 omne
496 1960 623 2023 bonum
653 1969 689 2023 et
719 1979 844 2022 verum.
890 1959 947 2022 Ex
976 1959 1075 2023 caelo
1093 1971 1210 2024 autem
1229 1971 1394 2044 perrupta

274 2065 330 2118 est
350 2057 496 2136 sphaera
518 2055 589 2118 veri
615 2075 661 2117 ex
684 2055 787 2129 bono,
808 2075 869 2135 per
890 2071 992 2136 quarn
1015 2055 1206 2118 refrenatus
1227 2066 1281 2119 est
1303 2056 1395 2120 iurtrr

274 2157 418 2212 conatus
431 2147 651 2212 ascendentis
664 2167 709 2212 ex
725 2149 875 2227 infern03
900 2150 991 2211 uncle
1002 2149 1248 2232 aequilibrium.
1295 2149 1393 2214 Haec

274 2245 420 2326 sphaera
449 2263 469 2306 a
498 2245 595 2308 caelo
619 2255 782 2325 percepta
808 2253 882 2306 erat
914 2263 937 2306 a·
965 2244 1040 2307 solo
1071 2244 1232 2319 Domino,
1252 2246 1392 2308 tametsi

272 2341 431 2422 apparuit
445 2357 490 2401 ex
509 2339 644 2420 angelis
662 2339 829 2401 incaelo:
855 2339 947 2421 quod
965 2359 985 2400 a
1003 2339 1079 2402 solo
1097 2339 1249 2404 Domino
1266 2351 1302 2403 et
1322 2359 1390 2404 non

272 2433 316 2496 ab
334 2435 478 2516 angelis,
499 2444 573 2496 erat
593 2435 670 2515 quia
686 2434 917 2519 unusquisque
931 2434 1075 2514 angelus
1094 2435 1127 2496 in
1147 2435 1244 2497 caelo
1263 2455 1389 2517 agnos·

272 2529 318 2591 cit
338 2527 429 2611 quod
451 2528 534 2590 nihil
553 2528 634 2605 boni
653 2535 689 2590 et
707 2529 780 2591 veri
797 2529 841 2590 sit
864 2545 884 2590 a
907 2538 1029 2602 semet,
1050 2529 1111 2592 sed
1134 2530 1226 2611 quod
1245 2546 1347 2594 omne
1370 2551 1390 2593 a

271 2620 431 2687 Domino.

333 2729 436 2800 539.
466 2715 588 2781 Omnis
607 2719 767 2800 potentia
790 2717 1010 2800 inspirituali
1030 2719 1158 2781 mundo
1176 2729 1230 2782 est
1250 2721 1320 2783 veri
1343 2741 1389 2784 ex

269 2813 373 2888 bono,
394 2822 429 2875 et
453 2831 591 2894 prorsus
610 2812 704 2874 nulla
722 2815 881 2894 potentia
899 2823 954 2876 est
972 2812 1047 2875 falsi
1069 2833 1114 2876 ex
1139 2814 1240 2877 malo.
1286 2813 1389 2896 Quod

270 2909 380 2971 omnis
401 2909 557 2990 potentia
575 2909 619 2970 sit
639 2909 709 2970 veri
733 2927 778 2970 ex
802 2908 905 2982 bono,
926 2918 979 2970 est
999 2909 1080 2990 quia
1096 2909 1207 2988 ipsum
1227 2909 1388 2973 Divinum

269 3005 305 3066 in
322 3002 421 3065 caelo
433 3009 486 3064 est
500 2999 661 3064 Divinum
675 3002 809 3066 Bonum
821 3012 856 3066 et
874 3002 1035 3066 Divinum
1049 3003 1189 3078 Verum,
1204 3023 1243 3067 ac
1261 3004 1388 3071 livino

268 3107 323 3160 est
342 3098 452 3160 omnis
472 3098 639 3177 potentia.
685 3095 787 3178 Quod
805 3115 942 3179 prornre
961 3098 1055 3160 nulla
1074 3099 1231 3180 potentia
1249 3100 1294 3162 sit
1312 3100 1389 3163 salsi

268 3211 313 3255 ex
338 3191 439 3266 malo,
460 3200 513 3254 est
532 3191 611 3273 quia
630 3192 741 3254 omnis
758 3203 812 3254 est
832 3195 903 3254 veri
925 3210 972 3255 ex
990 3193 1093 3266 bono,
1114 3202 1150 3255 et
1174 3194 1207 3254 in
1228 3193 1318 3257 ‘r'also
1339 3215 1388 3258 ex

268 3285 359 3350 malo
378 3295 431 3349 est
451 3286 533 3348 nihil
550 3287 621 3348 veri
639 3305 685 3348 ex
704 3287 806 3349 bono.
853 3287 936 3349 lnrle
956 3287 1117 3368 estquod
1134 3288 1385 3368 omnispoten·

267 3383 316 3444 tia
334 3383 379 3444 sit
402 3379 436 3443 in
456 3379 564 3455 caelo,
585 3399 625 3442 ac
645 3380 739 3442 nulla
758 3382 795 3442 in
810 3381 964 3458 insern03
988 3383 1219 3463 unusquisque
1237 3385 1327 3446 enirn
1351 3385 1385 3446 in

267 3477 367 3538 caelo
387 3477 420 3538 in
444 3476 534 3538 veris
556 3495 602 3537 ex
625 3475 718 3538 bono
740 3485 805 3550 est,
829 3486 869 3539 et
891 3477 1119 3558 unusquisque
1141 3477 1176 3538 in
1199 3477 1329 3541 inferno
1350 3480 1386 3541 in

266 3571 358 3634 salsis
374 3589 419 3634 ex
436 3571 531 3632 malo
540 3580 616 3632 est:
640 3589 721 3632 narn
737 3585 805 3633 non
822 3571 912 3651 prius
925 3570 1045 3653 aliquis
1061 3572 1095 3633 in
1112 3571 1245 3634 caelum
1258 3574 1383 3636 admit-

266 3668 349 3730 titur
367 3685 468 3748 qnam
486 3681 564 3727 cum
584 3665 620 3727 in·
637 3665 728 3727 veris
744 3683 791 3728 ex
809 3666 902 3728 bono
917 3676 996 3741 πη
1024 3684 1086 3728 nec
1107 3667 1199 3746 prius
1212 3667 1334 3749 aliquis
1350 3670 1384 3731 in

265 3759 608 3841 infernumdejicirun
625 3777 724 3841 quarn
738 3778 814 3823 cum
832 3761 866 3822 in
879 3760 974 3822 salsis
986 3779 1032 3822 ex
1049 3759 1141 3824 malo
1153 3770 1218 3824 est.
1264 3760 1383 3843 (Quod

265 3857 311 3919 ita
333 3857 388 3930 sit,
409 3856 565 3918 videatur
588 3855 622 3916 in
645 3855 808 3928 articulis,
828 3855 885 3918 ubi
908 3852 1023 3918 atium
1044 3865 1100 3918 est
1122 3856 1167 3918 de
1188 3857 1307 3936 primo,
1329 3879 1383 3920 se·

264 3951 377 4012 cundo
399 3960 437 4013 et
459 3951 564 4012 tertio
587 3949 689 4014 Statu
712 3949 858 4012 hominis
880 3960 961 4030 post
985 3949 1145 4023 Mortem,
1166 3970 1198 4014 n.
1213 3965 1382 4032 491-520:

264 4055 299 4108 et
326 4045 417 4128 quod
448 4047 558 4108 omnis
581 4046 738 4126 potentia
761 4045 806 4107 sit
828 4045 968 4107 veriex
991 4045 1093 4118 boon,
1117 4045 1154 4108 in
1174 4046 1318 4110 articulo
1339 4049 1384 4111 de

264 4141 425 4203 Potentia
443 4139 644 4220 angelorum
663 4139 760 4214 caeli,
781 4157 813 4201 n.
834 4137 1009 4221 arrii-233.)

325 4247 442 4318 54οι
461 4235 539 4298 Hoc
555 4251 644 4298 nune
661 4245 715 4298 est
732 4234 967 4315 aequilibrimn
980 4236 1070 4296 inter
1082 4233 1213 4298 caelum
1229 4243 1267 4300 et
1282 4235 1382 4300 inser·

264 4346 354 4392 num.
400 4330 454 4394 llli
473 4331 528 4412 qni
547 4331 580 4392 in
600 4330 729 4392 mundo
748 4329 927 4410 spirituum
946 4338 1037 4400 sunt,
1055 4329 1091 4390 in
1107 4327 1167 4392 illo
1183 4330 1384 4410 aequilibrio

263 4435 353 4499 sunt,
374 4442 455 4488 nam
476 4425 626 4488 mundus
643 4423 826 4506 spirituum
846 4433 901 4487 est
922 4424 1056 4488 medius
1079 4424 1169 4488 inter
1187 4425 1322 4490 caelum
1345 4437 1381 4489 et

263 4519 450 4597 infernum3
483 4530 520 4583 et
549 4520 628 4582 inde
651 4537 789 4602 quoque
810 4537 930 4582 omnes
953 4517 1110 4584 homines
1139 4519 1174 4582 in
1198 4520 1332 4584 mundo.
1345 4521 1382 4584 iu

262 4615 362 4678 simili
383 4615 584 4698 aequilibrio
597 4625 770 4691 tenentur,
784 4632 864 4678 uam
882 4613 1039 4678 homines
1058 4613 1095 4678 in-
1112 4613 1239 4678 mundo
1255 4633 1379 4696 regun-
