3382 5358
588 671 640 724 ott
661 670 790 725 cmo
812 671 862 724 BT
884 670 1067 724 INFERRO.

774 1045 885 1133 [XX-l

320 1228 378 1295 Da
400 1227 602 1308 vassilius,
626 1243 764 1310 Qursus
785 1243 923 1297 irinum
947 1241 1151 1296 insanam
1174 1229 1342 1298 Αιιαιιιι.
1409 1293 1415 1308 ,

330 1431 421 1503 1¹17·
450 1414 541 1500 Quia
554 1415 671 1500 angeli
686 1416 845 1482 homines
859 1425 953 1493 sunt,
970 1425 1007 1482 et
1026 1417 1117 1482 inter
1134 1437 1172 1483 se
1189 1418 1310 1483 vivunt
1325 1417 1393 1484 sic·

269 1525 308 1582 ut
329 1516 488 1582 homiues
507 1516 639 1581 telluris
657 1517 748 1582 inter
770 1535 818 1594 se,
838 1517 918 1583 ideo
940 1517 1008 1582 illis
1029 1527 1148 1582 vestes
1170 1528 1262 1595 sunt,
1282 1519 1394 1583 domi·

268 1611 347 1676 cilia
370 1619 461 1685 sunt,
481 1621 518 1676 et
542 1611 666 1675 similia
684 1611 803 1695 plura3
833 1631 912 1677 cum
935 1609 1127 1676 differentia
1148 1621 1279 1689 tamen,
1298 1615 1391 1697 quod

266 1707 334 1771 illis
353 1704 555 1790 perfectiora
573 1708 689 1771 omnia
707 1709 788 1784 sint,
809 1709 888 1792 quia
905 1709 939 1772 in
958 1705 1150 1791 perfectiori
1169 1717 1286 1774 statu:
1312 1725 1392 1774 nam

267 1801 356 1866 sicut
379 1801 550 1884 sapientia
572 1802 731 1884 angelica
753 1803 895 1866 excedit
919 1805 1126 1886 sapientiam
1148 1803 1333 1868 humanam
1357 1805 1392 1870 in

267 1897 329 1962 tali
348 1896 457 1978 gradu
475 1906 513 1961 ut
532 1897 667 1961 dicatur
682 1897 872 1973 ineffabilis,
889 1897 939 1962 ita
957 1917 1093 1981 quoque
1111 1899 1227 1962 omnia
1242 1918 1330 1982 quae
1348 1899 1393 1962 ab

267 1992 336 2056 illis
348 1992 582 2075 percipiuntur
596 2002 633 2056 ct
649 1991 717 2056 illis
729 2003 898 2076 apparent
911 2015 918 2070 ;
943 2011 1022 2058 nam
1036 1995 1152 2058 omnia
1161 2013 1250 2076 quae
1268 1995 1313 2059 ab
1328 2013 1391 2058 an·

267 2087 355 2170 gelis
385 2088 618 2172 percipiuntur
650 2097 687 2152 et
724 2087 792 2154 illis
824 2098 1004 2170 apparent,
1033 2089 1222 2173 sapientiae
1255 2089 1391 2154 illorum

267 2184 540 2264 correspondent
562 2181 734 2266 (videatur
752 2203 865 2267 supra,
886 2203 918 2246 n.
942 2183 1027 2266 173).

331 2277 425 2361 178.
455 2277 596 2356 Vestes,
619 2279 742 2362 quibus
765 2280 882 2362 angeli
905 2279 1016 2344 induti
1043 2289 1136 2354 sunt,
1161 2279 1318 2346 similiter
1350 2299 1391 2348 ac

267 2375 408 2459 reliqua,
428 2376 712 2456 correspondent,
732 2383 768 2440 et
789 2375 868 2459 quia
890 2375 1163 2456 correspondent
1186 2377 1293 2441 etiam
1315 2397 1392 2442 rea·

268 2471 348 2534 liter
376 2471 534 2534 existunt
567 2469 741 2554 (videatur
769 2489 882 2554 supra,
904 2489 936 2532 ιι.
970 2469 1056 2554 175).
1101 2469 1232 2535 Vestes
1254 2472 1390 2537 illorum

267 2565 540 2646 correspondent
556 2566 809 2648 intelligentiae
821 2565 977 2644 illorum3
998 2577 1207 2649 quapropter
1219 2585 1341 2631 omnes
1357 2570 1391 2631 in

267 2659 372 2724 caelis
394 2669 563 2742 apparent
586 2661 707 2724 vestiti
725 2660 914 2724 secundum
933 2661 1223 2742 intelligentiam
1254 2671 1290 2725 et
1313 2663 1393 2745 quia

268 2775 354 2818 unus
377 2754 611 2836 intelligentia
634 2765 789 2838 praestat
812 2754 913 2822 alteri
938 2755 985 2838 (ιι.
1001 2772 1044 2836 43
1067 2766 1103 2821 et
1130 2755 1216 2840 128),
1233 2757 1312 2821 ideo
1335 2759 1392 2821 uni

267 2853 538 2934 praestantiores
556 2860 673 2915 vestes
695 2860 776 2914 suot
799 2869 901 2934 quam
920 2850 1041 2916 alteri:
1066 2851 1391 2934 intelligentissimis

267 2955 347 3009 sunt
361 2956 477 3010 vestes
492 2955 715 3011 coruscantes
727 2945 816 3009 sicut
831 2965 877 3007 ex
894 2943 1042 3020 flamma,
1056 2945 1259 3027 quibusdam
1272 2947 1390 3030 splen·

268 3041 392 3106 dentes
415 3041 503 3106 sicut
533 3061 579 3104 ex
606 3039 707 3118 luce;
739 3039 850 3102 minus
873 3039 1149 3123 intelligentibus
1171 3052 1252 3105 sunt
1274 3052 1390 3106 vestes

268 3137 435 3202 candidae
447 3147 484 3202 et
499 3135 598 3200 albae
610 3134 739 3219 absque
753 3134 937 3218 splendore
951 3156 959 3212 ;
983 3143 1018 3199 et
1035 3133 1146 3198 adhuc
1160 3137 1271 3199 minus
1287 3136 1390 3200 intel·

269 3233 455 3316 ligentibus
471 3241 551 3296 sunt
569 3240 688 3297 vestes
706 3230 989 3296 diversicolores:
1012 3231 1129 3313 angeli
1144 3241 1262 3296 autem
1278 3231 1390 3296 intimi

268 3329 356 3394 caeli
375 3339 455 3393 sunt
475 3329 567 3391 nudi.

331 3435 426 3506 179·
457 3419 546 3504 Quia
557 3431 674 3486 vestes
687 3419 890 3504 angelorum
904 3419 1177 3502 correspondent
1190 3419 1388 3504 intelligen-

267 3517 337 3584 tiae
349 3517 495 3594 illorum,
510 3519 587 3581 ideo
600 3519 704 3581 etiam
714 3516 986 3598 correspondent
999 3535 1092 3590 vero,
1104 3517 1265 3599 quoniam
1277 3519 1390 3582 omnis

269 3613 500 3696 intelligentia
523 3623 577 3677 est
600 3633 646 3675 ex
671 3611 798 3676 Divino
820 3609 935 3690 Vero;
966 3619 1177 3694 quapropter
1199 3611 1272 3675 sive
1295 3611 1390 3676 dicas

267 3708 359 3791 quod
378 3707 493 3789 angeli
512 3707 621 3770 induti
641 3707 711 3770 sint
730 3706 918 3776 secundum
938 3704 1219 3787 intelligentiam,
1239 3707 1312 3772 sive
1335 3728 1389 3772 se·

268 3802 418 3866 cundum
435 3801 596 3865 Divinum
613 3801 754 3876 Verum,
771 3802 863 3865 idem
882 3810 947 3864 est.
988 3799 1091 3882 Quod
1107 3811 1225 3866 vestes
1241 3821 1389 3884 quorun·

267 3897 347 3962 dam
366 3905 547 3962 coruscent
561 3899 650 3960 sicut
669 3917 714 3961 ex
734 3895 880 3972 flamma,
898 3906 934 3962 et
953 3897 1166 3980 quorundam
1183 3897 1390 3980 splendeant

678 4113 716 4164 (a
729 4121 826 4154 sacam
837 4113 1003 4166 unm.)

320 4213 401 4342 guid
412 4221 428 4246 ‘¹
438 4213 556 4302 Hortus
564 4215 603 4298 ab
614 4213 742 4276 Edene.''
752 4223 784 4298 et
794 4222 810 4242 ‘⁴
821 4211 938 4269 Hortus
946 4213 1081 4298 Jebovae
1088 4213 1104 4235 ”
1115 4215 1156 4285 (n.
1169 4229 1213 4284 99,
1227 4229 1285 4279 roo,
1298 4229 1309 4269 ι
1316 4211 1389 4286 588).

351 4303 369 4343 e
382 4289 617 4358 paradisiacum
629 4286 723 4341 alters
733 4295 795 4340 vita
806 4301 896 4356 quarn
907 4283 1065 4358 magnifica
1078 4285 1119 4358 (n.
1135 4299 1211 4349 iias,
1224 4283 1300 4350 1622,
1311 4285 1390 4356 2296,

268 4359 573 4502 452ἓῇιι4(ξιῖ9·)”αιῑ>οιειι
582 4426 598 4450 ”
610 4425 781 4499 significent
795 4426 1005 4497 perceptiones
1017 4437 1048 4482 et
1060 4425 1260 4499 cognitiones,
1274 4443 1312 4483 ex
1324 4427 1391 4500 qui·

268 4497 869 4644 a<
884 4497 1051 4626 :rara
1065 4499 1382 4638 ιιιι..

269 4643 348 4714 7⁶90»
361 4644 454 4714 9337)·
1172 4681 1175 4688 2
1196 4683 1199 4690 v
