3350 5366
286 626 398 681 norro
419 625 512 680 rosr
531 623 696 706 noman
716 625 784 680 nsr
803 625 942 693 onnus
961 627 1046 696 nJus
1064 629 1157 681 vrrn
1176 631 1275 683 rum.
1323 633 1382 700 305

259 800 304 864 ali
324 805 419 876 sunt,
444 809 480 864 et
512 798 603 885 quod
627 799 732 864 modo
755 797 800 864 sit
831 800 986 876 scientia,
1011 810 1070 866 aut
1094 801 1269 884 persuasio
1292 803 1384 885 quod

259 917 376 960 verum
395 897 452 972 sit,
473 899 552 979 quia
579 897 684 962 servit
714 897 822 960 amori
852 917 924 960 suo.
969 895 1123 960 Adducti
1146 919 1280 980 quoque
1303 909 1383 962 sunt

258 991 373 1074 plures
389 1013 436 1054 ex
459 992 526 1056 illis
549 991 606 1074 qui
630 999 894 1056 autumaverunt
918 1011 955 1056 se
974 994 1008 1056 in
1028 991 1093 1058 fide
1112 993 1225 1068 fuisse,
1242 993 1286 1058 ad
1305 991 1384 1056 illos

258 1087 314 1170 qui
344 1087 377 1150 in
404 1085 492 1166 fide;
525 1097 561 1152 et
591 1097 673 1152 tunc
701 1088 785 1150 data
808 1089 1120 1152 communicatione
1144 1097 1383 1171 perceperunt,

257 1182 349 1265 quod
366 1203 503 1264 prorsus
520 1181 614 1246 nulla
630 1181 697 1246 illis
713 1181 798 1246 fides
814 1184 882 1246 sit:
906 1183 1054 1246 confessi
1070 1183 1176 1247 etiam
1193 1193 1272 1249 sunt
1286 1193 1383 1267 post·
1472 1185 1475 1192 “

257 1297 309 1352 ea,
330 1277 422 1361 quod
446 1278 557 1342 solum
581 1279 721 1344 credere
744 1296 862 1342 verum
885 1297 925 1341 ac
946 1277 1100 1341 Verbum
1124 1299 1194 1341 non
1218 1280 1263 1342 sit
1286 1278 1381 1354 fides,

258 1372 319 1436 sed
338 1392 454 1436 amare
474 1391 591 1436 verum
611 1394 656 1436 ex
676 1379 792 1437 amore
813 1373 969 1448 caelesti,
990 1394 1029 1436 ac
1054 1373 1087 1437 id
1108 1374 1196 1437 velle
1216 1384 1251 1438 et
1270 1375 1383 1439 facere

257 1490 302 1532 ex
327 1467 507 1532 affectione
531 1470 705 1533 interiore.
756 1468 946 1533 Ostensum
970 1471 1075 1533 etiam
1099 1479 1165 1544 est,
1190 1471 1281 1552 quod
1305 1492 1382 1554 per·

257 1565 370 1627 suasio
386 1563 533 1640 illorum,
548 1585 650 1647 quam
667 1564 830 1629 dixerunt
849 1563 963 1640 fidem,
981 1573 1074 1628 esset
1094 1564 1198 1628 modo
1210 1567 1302 1629 sicut
1322 1566 1382 1628 lux

256 1660 397 1738 hiemis;
429 1661 462 1723 in
487 1681 553 1742 qua
572 1662 650 1743 quia
670 1679 739 1724 non
767 1669 821 1724 est
845 1660 950 1736 calor,
970 1661 1004 1724 in
1036 1662 1136 1724 terris
1159 1663 1275 1724 omnia
1298 1681 1382 1725 con·

256 1753 376 1819 stricta
392 1753 472 1837 gelu
482 1765 697 1837 torpescunt,
712 1765 747 1818 et
765 1756 829 1818 sub
844 1755 922 1819 nive
935 1755 1052 1838 jacent
1067 1777 1074 1834 ;
1098 1739 1306 1840 quapropter
1321 1755 1381 1821 lux

256 1848 334 1914 fidei
353 1851 571 1934 persuasivae
590 1851 680 1932 apud
701 1849 789 1926 illos,
810 1859 848 1914 ut
872 1851 1017 1933 primum
1038 1853 1218 1932 stringitur
1240 1873 1260 1914 a
1278 1851 1382 1914 radiis

256 1946 340 2011 lucis
369 1945 467 2020 caeli,
492 1965 561 2008 non
591 1946 696 2008 modo
726 1946 970 2027 exstinguitur,
997 1946 1057 2009 sed
1089 1947 1194 2010 etiam
1225 1943 1262 2008 fit
1292 1947 1381 2010 sicut

255 2044 364 2106 densa
383 2042 508 2124 caligo,
529 2041 563 2104 in
587 2061 653 2123 qua
673 2059 775 2104 nemo
798 2061 835 2104 se
858 2041 975 2120 videt;
1003 2051 1040 2106 et
1063 2051 1146 2104 tunc
1165 2040 1266 2104 simul
1290 2041 1380 2105 inte·

254 2139 343 2202 riora
365 2138 415 2201 ita
438 2137 742 2210 obtenebrescunt,
767 2145 805 2200 ut
835 2156 972 2218 prorsus
996 2137 1080 2200 nihil
1103 2136 1315 2218 intelligant,
1340 2157 1380 2200 ac

255 2233 394 2298 demum
414 2232 586 2296 insaniant
610 2252 656 2294 ex
679 2231 782 2296 salsis.
828 2229 1053 2314 Quapropter.
1069 2231 1159 2314 apud
1179 2231 1267 2294 tales
1287 2232 1379 2296 aufe-

254 2335 375 2392 runtur
391 2328 506 2391 omnia
522 2347 613 2401 vera,
627 2347 714 2410 quae
731 2347 776 2390 ex
794 2325 913 2390 Verbo
929 2337 965 2392 et
981 2347 1027 2391 ex
1044 2325 1199 2391 doctrina
1212 2327 1380 2392 ecclesiae

254 2425 440 2496 sciverunt,
460 2434 496 2486 ct
514 2422 677 2486 dixerunt
697 2441 773 2485 esse
792 2441 873 2485 suae
892 2421 983 2497 fidei,
1003 2431 1039 2486 et
1063 2421 1142 2486 loco
1161 2421 1297 2485 illorum
1316 2423 1379 2486 im·

221 2515 228 2542 ¹
254 2520 403 2584 buuntur
416 2519 508 2582 omni
525 2517 613 2580 falso
625 2517 716 2600 quod
733 2517 922 2581 concordat
939 2537 1016 2580 cum
1029 2517 1122 2582 malo
1135 2517 1227 2580 vitae
1241 2537 1357 2582 eorum
1370 2539 1378 2595 3

255 2615 489 2678 immittuntur
511 2613 602 2676 enim
622 2631 743 2676 omnes
767 2613 801 2674 in
825 2631 961 2676 amores
980 2633 1072 2686 suos,
1093 2622 1129 2676 et
1152 2631 1230 2674 cum
1254 2611 1322 2675 illis
1345 2613 1378 2675 in

254 2709 341 2772 falsa
366 2707 635 2772 concordantia:
671 2715 707 2770 et
741 2713 823 2769 tunc
843 2727 936 2782 vera,
960 2707 1038 2789 quia
1067 2714 1262 2788 repugnant
1286 2705 1379 2770 falsis

255 2804 348 2876 mali,
372 2805 407 2866 in
436 2802 558 2886 quibus
581 2809 673 2875 sunt,
698 2800 780 2864 odio
803 2800 933 2866 habent
957 2819 996 2864 ac
1027 2809 1242 2875 aversantur,
1266 2808 1302 2864 et
1330 2801 1377 2864 sic

254 2899 420 2981 rejiciunt.
468 2895 546 2960 Hoc
575 2896 697 2960 testari
720 2915 860 2976 possum
891 2915 936 2958 ex
966 2897 1060 2958 omni
1091 2896 1306 2978 experientia
1335 2896 1380 2959 de

253 2995 353 3058 rebus
376 2991 464 3056 caeli
487 3001 522 3056 et
546 2991 678 3066 inferni,
699 2990 791 3073 quod
815 2991 871 3073 qui
894 2989 1005 3054 solam
1029 2989 1130 3054 fidem
1154 3012 1199 3054 ex
1224 2987 1379 3054 doctrina

253 3089 332 3152 fassi
352 3097 443 3162 sunt,
464 3095 499 3151 et
529 3087 563 3149 in
587 3085 680 3148 malo
699 3085 811 3168 quoad
831 3086 938 3148 vitam
958 3085 1104 3159 fuerunt,
1125 3105 1245 3150 omnes
1263 3087 1297 3148 in
1327 3085 1377 3148 in·

253 3184 349 3247 ferno
368 3183 459 3258 sint;
484 3181 553 3244 vidi
573 3177 749 3262 conjectos
768 3179 849 3243 illuc
870 3181 913 3243 ad
937 3181 1035 3262 plura
1054 3179 1172 3254 millia,
1193 3181 1237 3243 de
1257 3180 1378 3262 quibus

252 3280 286 3341 in
306 3277 473 3360 opusculo
492 3275 543 3338 De
566 3273 689 3340 Ultimo
701 3275 839 3348 Judr'cr'o
856 3285 889 3338 et
906 3274 1092 3356 Babylonia
1110 3274 1291 3337 destrulfa.

318 3372 419 3456 483·
445 3370 541 3456 [(v.)]
564 3369 662 3448 Quod
670 3391 766 3432 amor
778 3369 854 3432 aliu
866 3369 914 3432 sit
924 3369 984 3452 qui
992 3379 1134 3443 maneat,
1146 3368 1197 3432 ita
1208 3368 1299 3450 quod
1306 3368 1378 3432 vita

252 3467 406 3541 hominis,
424 3469 577 3549 sequitur
596 3474 632 3528 ut
652 3464 853 3528 conclusum
873 3486 918 3528 ex
939 3463 1005 3527 illis
1024 3485 1112 3546 quae
1131 3465 1175 3528 ab
1194 3464 1376 3547 experien-

252 3566 302 3629 tia
318 3583 407 3626 nunc
424 3571 568 3625 ostensa
584 3569 677 3634 sunt,
694 3569 730 3623 et
753 3579 798 3623 ex
822 3559 890 3622 illis
908 3581 995 3642 quae
1018 3561 1062 3622 de
1085 3557 1182 3622 factis
1205 3567 1241 3622 et
1265 3560 1376 3642 operi·

252 3659 315 3724 bus
334 3677 436 3741 supra
455 3654 569 3734 dietam
594 3675 690 3718 amor
708 3651 786 3718 actu
805 3663 859 3718 est
879 3675 965 3736 opus
984 3664 1019 3718 et
1038 3651 1176 3718 factum.

315 3751 419 3837 484.
450 3751 634 3814 Sciendum
658 3759 723 3824 est,
747 3747 839 3831 quod
863 3749 979 3812 omnia
1002 3769 1107 3831 opera
1129 3759 1165 3812 et
1192 3745 1283 3812 fafia
1305 3749 1375 3814 sint

252 3851 346 3914 vitae
366 3847 505 3912 moralis
525 3857 560 3910 et
579 3845 698 3918 civilis,
716 3853 752 3908 et
772 3844 851 3908 inde
867 3845 958 3928 quod
976 3842 1135 3928 spectent
1152 3845 1319 3908 sincerum
1339 3853 1375 3908 et

252 3941 393 4015 rectum,
408 3953 481 4006 tum
495 3941 624 4023 justum
641 3951 677 4004 et
697 3959 854 4024 aequum.
900 3937 1076 4004 Sincerum
1093 3949 1129 4004 et
1149 3937 1280 4002 rectum
1298 3949 1377 4002 sunt

252 4041 344 4104 vitae
375 4037 525 4112 moralis,
550 4057 590 4100 ae
617 4036 748 4118 justum
778 4045 814 4100 et
848 4055 994 4118 aequum
1023 4045 1103 4098 sunt
1133 4035 1227 4098 vitae
1256 4033 1375 4098 civilis.

252 4135 363 4198 Amor
382 4155 426 4198 ex
450 4154 517 4216 quo
537 4131 633 4205 fiunt,
650 4141 704 4195 est
724 4129 779 4194 vel
800 4131 962 4194 caelestis
978 4130 1033 4194 vel
1053 4129 1247 4193 infernalis:
1271 4149 1376 4211 opera

252 4240 287 4294 et
306 4227 397 4294 facta
413 4231 503 4294 vitae
520 4225 659 4292 moralis
679 4236 715 4292 et
739 4225 847 4290 civilis
865 4225 1032 4290 caelestia
1045 4233 1135 4301 sunt,
1153 4225 1181 4288 si
1198 4245 1243 4288 ex
1260 4243 1376 4288 amore

252 4325 394 4389 caelesti
414 4323 519 4401 liunt;
544 4341 623 4387 nam
643 4343 730 4406 quae
749 4343 794 4386 ex
814 4341 931 4386 amore
950 4321 1093 4386 caelesti
1116 4320 1213 4396 fiunt,
1233 4340 1278 4384 ex
1302 4317 1374 4384 Do·

253 4421 346 4484 mino
361 4417 457 4493 fiunt,
476 4427 510 4482 et
527 4437 613 4502 quae
630 4439 674 4481 ex
692 4417 843 4480 Domino
859 4415 956 4492 fiunt,
974 4417 1089 4480 omnia
1105 4417 1196 4479 bona
1213 4424 1313 4490 sunt;
1337 4423 1375 4477 at

252 4511 341 4578 facta
360 4521 396 4576 et
416 4533 520 4595 opera
535 4513 628 4574 vitae
645 4509 783 4574 moralis
799 4520 835 4575 et
855 4508 966 4574 civilis
982 4509 1158 4574 infernalia
1175 4519 1265 4584 sunt,
1282 4509 1310 4578 si
1329 4528 1375 4571 ex

253 4627 368 4671 amore
385 4605 539 4670 infernali
558 4604 654 4680 fiunt,
672 4625 750 4668 nam
771 4605 827 4688 qui
846 4625 891 4668 ex
910 4603 975 4668 hoc
992 4623 1119 4681 amore,
1136 4605 1192 4688 qui
1208 4613 1262 4668 est
1281 4623 1376 4666 amor
