3408 5358
263 609 324 672 300
586 605 636 656 DE
658 603 786 656 cmo
808 603 856 654 ET
880 601 1059 653 rumano.

262 781 319 862 qui
347 777 458 843 bonus
479 786 545 854 est,
564 777 596 843 ei
622 787 844 842 removentur
870 787 907 841 et
935 775 1032 859 quasi
1054 773 1249 838 auferuntur
1266 772 1381 836 omnia

263 873 497 937 discordantia
516 891 576 936 seu
594 872 807 946 dissidentia,
826 879 863 934 et
885 870 934 932 sic
956 868 1153 932 immittitur
1175 868 1209 930 in
1228 885 1380 930 amorem

262 985 358 1030 suum
371 966 562 1046 ;.similiter
579 965 700 1040 malus,
720 963 781 1027 sed
799 981 876 1026 curn
895 961 1088 1026 differentia
1106 961 1197 1044 quod
1216 959 1294 1022 huic
1318 979 1380 1022 au·

261 1060 415 1124 ferantur
429 1079 520 1134 vera,
532 1077 573 1122 ac
589 1057 681 1140 quod
696 1057 790 1120 bono
805 1055 1001 1120 auferantur
1010 1054 1105 1130 salsa,
1119 1073 1224 1136 usque
1237 1053 1379 1116 tandem

263 1163 301 1216 ut
320 1153 462 1236 quisque
481 1150 541 1215 fiat
558 1171 638 1214 suus
653 1169 771 1229 amor;
795 1150 860 1214 hoc
878 1148 918 1212 tit
936 1167 1013 1212 cum
1028 1147 1134 1212 homo
1148 1147 1288 1229 spiritus
1303 1165 1379 1226 per·

263 1246 400 1310 ducitur
421 1246 455 1308 in
478 1245 620 1308 tertium
643 1253 785 1319 statum,
805 1243 847 1306 de
870 1262 938 1325 quo
959 1243 993 1305 in
1017 1242 1250 1325 sequentibus.
1293 1237 1379 1302 Cum

262 1339 328 1404 hoc
347 1336 474 1402 sactum
493 1348 558 1415 est,
575 1348 658 1402 tunc
673 1338 794 1402 faciem
812 1355 907 1400 suam
927 1337 1099 1400 convertit
1115 1344 1318 1398 constanter
1335 1335 1379 1396 ad

263 1450 361 1495 suum
376 1449 540 1506 amorem,
554 1451 653 1514 quem
670 1431 832 1494 continue
848 1439 931 1494 ante
947 1429 1065 1494 oculos
1076 1429 1193 1503 habet,
1206 1437 1379 1510 utcunque

264 1543 302 1588 se
320 1525 555 1589 circumvertit
575 1523 746 1606 (videatur
761 1541 873 1606 supra,
892 1543 923 1586 n.
944 1537 1013 1603 123,
1034 1521 1119 1604 124).
1164 1519 1294 1585 Omnes
1310 1521 1379 1603 spi-

263 1617 348 1680 ritus
367 1626 512 1700 possunt
528 1616 604 1680 duci
623 1635 823 1700 quocunque
839 1617 933 1691 libet,
947 1615 1051 1679 modo
1067 1625 1251 1679 teneantur
1266 1615 1299 1677 in
1318 1633 1379 1676 suo

264 1729 380 1774 amore
402 1721 595 1792 regnante;
625 1729 688 1773 nec
711 1719 856 1792 possunt
878 1710 1048 1784 resistere,
1072 1717 1245 1789 utcunque
1266 1707 1379 1770 sciunt

264 1803 356 1885 quod
373 1803 423 1866 ita
445 1802 516 1879 fiat,
537 1823 577 1867 ac
596 1804 755 1884 cogitant
772 1803 865 1886 quod
885 1803 1027 1866 renisuri
1046 1801 1136 1880 sint3
1160 1801 1285 1882 pluries
1302 1808 1380 1862 ten·

264 1905 376 1960 tatum
405 1907 471 1971 est,
490 1915 571 1960 num
594 1907 717 1960 contra
745 1895 843 1960 illum
872 1895 998 1978 aliquid
1012 1913 1125 1976 ‘agere
1143 1903 1302 1977 possent,
1318 1893 1379 1956 sed

264 1991 454 2054 incassum:
477 2009 574 2054 arnor
588 1989 723 2057 illorum
739 1998 793 2054 est
812 1990 900 2053 sicut
915 1988 1088 2052 vinculum
1103 1997 1161 2052 aut
1176 1989 1264 2051 sicut
1279 1986 1378 2061 funis,

265 2101 333 2164 quo
351 2084 447 2164 quasi
464 2083 691 2165 circumligati
708 2092 800 2158 sunt,
820 2103 881 2164 per
899 2101 999 2164 quem
1019 2083 1108 2146 trahi
1126 2091 1284 2164 possunt,
1303 2091 1341 2144 et
1360 2099 1381 2143 a

267 2195 335 2256 quo
351 2196 388 2240 se
407 2175 589 2240 exsolvere
608 2186 792 2258 nequeunt.
833 2171 955 2240 ‘Simile
974 2175 1012 2240 fit
1030 2195 1108 2240 cum
1126 2175 1322 2238 hominibus
1345 2173 1380 2236 in

265 2269 403 2343 mundo,
420 2289 506 2350 quos
525 2270 630 2332 etiam
648 2287 745 2333 amor
762 2277 840 2332 suus
859 2270 962 2343 ducit,
979 2279 1015 2332 et
1034 2289 1095 2351 per
1112 2287 1264 2333 amorem
1282 2283 1379 2330 suum

266 2361 310 2426 ab
325 2361 400 2426 aliis
418 2362 609 2440 ducuntur;
633 2361 709 2442 plus
728 2381 810 2426 vero
828 2381 906 2425 cum
928 2361 1013 2425 frunt
1032 2362 1181 2444 spiritus,
1201 2361 1279 2444 quia
1296 2369 1378 2425 tunc

266 2473 335 2516 non
365 2453 447 2518 licet
477 2454 580 2518 alium
610 2473 762 2518 amorem
792 2454 835 2518 ad
865 2456 1103 2536 apparentiam
1133 2454 1311 2537 praeferre,
1339 2473 1379 2518 ac

266 2547 402 2610 mentiri
425 2567 494 2610 non
516 2567 623 2611 suum.
668 2546 770 2628 Quod
790 2547 927 2630 spiritus
945 2547 1092 2611 hominis
1115 2549 1159 2612 sit
1182 2567 1262 2610 suus
1284 2565 1381 2610 amor

267 2658 428 2720 regnans,
449 2640 686 2704 manifestatur
714 2642 748 2704 in
777 2641 869 2704 omni
899 2642 1074 2704 consortio
1100 2641 1134 2704 in
1163 2639 1274 2704 altera
1295 2641 1378 2715 vita,

267 2741 433 2813 quantum
456 2734 547 2796 enirn
570 2735 644 2814 quis
666 2735 739 2814 agit
768 2743 804 2798 et
833 2733 983 2816 loquitur
1011 2734 1197 2797 secundum
1227 2751 1380 2798 amorem

267 2823 418 2898 alterius,
434 2835 569 2890 tanturn
586 2826 639 2889 hic
656 2835 799 2908 apparet
816 2836 922 2902 totus,
933 2826 1018 2890 facie
1030 2826 1144 2909 plena,
1158 2827 1267 2902 hilari,
1281 2828 1379 2905 viva;

266 2926 304 2981 at
331 2927 497 3000 quantum
526 2921 600 3000 quis
632 2921 706 3001 agit
734 2929 771 2984 et
801 2919 950 3002 loquitur
971 2930 1093 2984 contra
1115 2939 1268 2986 amorem
1295 2919 1378 3001 ejus,

268 3019 405 3074 tanturn
421 3011 541 3092 incipit
558 3012 661 3076 iacies
683 3011 754 3092 ejus
771 3015 906 3089 mutari,
923 3013 1105 3087 obscurari,
1123 3023 1159 3076 et
1181 3032 1251 3076 non
1273 3031 1379 3096 appa·

267 3122 361 3180 rere;
395 3113 430 3168 et
464 3104 606 3168 tandem
635 3113 732 3170 totus
761 3106 953 3187 disparatur
976 3106 1064 3170 sicut
1088 3125 1157 3169 non
1181 3107 1227 3170 ibi
1250 3105 1380 3170 fuisset.

268 3193 370 3276 Quod
383 3197 433 3260 ita
445 3195 515 3270 fiat,
530 3198 671 3265 miratus
684 3217 757 3260 sum
771 3201 916 3280 saepius,
930 3199 1007 3280 quia
1021 3199 1093 3263 tale
1104 3199 1184 3282 quid
1200 3189 1272 3263 non
1285 3201 1380 3264 exis·

267 3296 341 3350 tere
355 3298 472 3368 potest
488 3290 521 3352 in
538 3291 684 3356 natando:
709 3291 770 3356 sed
783 3289 909 3356 dictum
922 3301 988 3368 est,
1000 3293 1091 3374 quod
1104 3293 1214 3356 simile
1227 3292 1286 3356 fiat
1302 3312 1380 3357 curn

267 3380 387 3460 spiritu
405 3383 440 3446 in
455 3381 604 3458 bomine,
621 3385 677 3465 qui
695 3403 772 3448 cuns
791 3405 828 3448 se
847 3387 973 3450 avertit
992 3386 1037 3449 ab
1055 3385 1134 3461 alio,
1148 3407 1218 3450 non
1233 3387 1381 3470 amplius

267 3481 321 3536 est
345 3474 379 3536 in
403 3473 588 3556 conspedlu
607 3475 688 3558 ejus.
734 3475 836 3558 Quod
855 3479 994 3558 spiritus
1016 3480 1062 3543 sit
1085 3499 1164 3542 suus
1182 3499 1280 3545 amor
1301 3499 1380 3563 reg·

268 3585 366 3640 nans,
386 3567 492 3630 etiam
512 3570 623 3650 patuit
643 3589 688 3632 ex
711 3589 764 3646 eo,
784 3571 876 3652 quod
895 3572 1122 3653 unusquisque
1141 3573 1280 3654 spiritus
1298 3575 1380 3638 arri·

267 3659 339 3741 piat
356 3661 472 3727 omnia
489 3671 525 3726 et
544 3663 607 3724 sibi
625 3665 822 3744 appropriet
840 3683 928 3746 quae
942 3665 1153 3729 conveniunt
1171 3668 1279 3732 amori
1297 3667 1379 3749 ejus,

267 3769 307 3816 ac
326 3751 458 3833 rejiciat
478 3755 593 3818 omnia
611 3765 647 3818 et
670 3775 691 3818 a
709 3775 746 3818 se
764 3757 938 3822 abalienet
956 3777 1043 3839 quae
1059 3777 1128 3822 non
1147 3763 1378 3825 conveniunt:

268 3854 322 3908 est
346 3845 491 3926 cujusvis
513 3867 609 3912 amor
631 3849 718 3912 sicut
743 3849 873 3930 lignum
897 3851 1120 3931 spongiosum
1143 3873 1183 3918 ac
1207 3873 1379 3936 porosum,

235 3940 240 3954 “
267 3938 359 4019 quod
383 3938 517 4002 imbibit
540 3940 627 4004 tales
651 3941 808 4023 liquores,
832 3945 889 4026 qui
910 3947 1124 4027 vegetationi
1146 3967 1228 4012 suae
1250 3949 1381 4012 condu-

268 4041 363 4106 cunt,
376 4051 416 4094 ac
432 4042 567 4098 ceteros
577 4033 715 4116 repellit
728 4055 736 4112 ;
759 4045 795 4099 et
812 4046 866 4100 est
879 4038 966 4102 sicut
979 4031 1139 4104 'animalia
1150 4043 1261 4104 omnis
1274 4061 1381 4123 gene-

268 4122 323 4198 ris,
340 4143 427 4206 quae
446 4146 543 4190 escas
561 4145 639 4190 suas
655 4139 780 4193 norunt
799 4147 839 4194 ac
855 4141 1024 4213 appetunt
1039 4154 1125 4216 quae
1141 4143 1283 4199 naturae
1299 4153 1381 4199 suae

268 4219 495 4296 concordant,
516 4241 555 4284 ac
578 4233 780 4288 aversantur
797 4244 885 4306 quae
903 4227 1126 4292 discordant:
1153 4229 1382 4312 unusquisque
1474 4273 1481 4286 s

268 4312 360 4376 enim
376 4333 472 4377 amor
485 4316 603 4380 nutriri
618 4317 692 4382 vult
708 4337 729 4382 a
744 4319 823 4394 suis,
840 4339 937 4384 amor
952 4321 1061 4385 malus
1077 4341 1097 4386 a
1112 4323 1216 4398 falsis,
1234 4333 1269 4388 et
1285 4343 1382 4388 arnor

268 4406 377 4472 bonus
396 4429 417 4471 a
434 4411 533 4476 veris.
577 4411 774 4494 Aliquoties
789 4415 905 4479 videre
920 4417 1039 4480 datum
1058 4427 1123 4495 est,
1137 4417 1227 4503 quod
1242 4421 1380 4503 quidam

269 4501 442 4584 simplices
458 4505 539 4570 boni
555 4507 725 4574 voluerint
743 4509 777 4572 in
793 4511 883 4574 veris
900 4519 936 4576 et
955 4511 1054 4576 bonis
1070 4514 1238 4578 instruere
1257 4513 1378 4588 malos,
