3350 5366
311 615 371 682 ³52
616 613 679 666 DE
700 612 827 666 CAH-O
850 613 898 666 ut
922 613 1093 668 tutunus

307 799 446 845 sensum
465 779 677 863 spiritualem
696 781 729 844 in
747 801 784 845 se
802 781 969 845 recondat
989 782 1177 846 secundum
1197 801 1299 866 quem
1318 784 1429 868 expli-

306 876 418 940 canda
441 885 520 940 sunt
543 875 613 952 illa,
639 897 724 958 quae
748 876 782 940 in
812 897 915 940 sensu
938 877 1075 941 litterae
1099 878 1363 942 accommodate
1386 881 1430 944 ad

307 982 448 1054 captum
470 971 629 1046 hominis,
654 981 690 1035 et
713 973 905 1039 secundum
925 971 996 1055 ejus
1019 974 1147 1055 primas
1170 983 1206 1038 et
1229 994 1430 1038 communes

306 1067 413 1144 ideas,
434 1065 526 1131 dista
544 1076 635 1130 sunt.

368 1162 472 1244 546.
503 1159 571 1244 Qui
594 1163 628 1228 in
650 1159 885 1228 illustratione
908 1171 1001 1238 sunt,
1021 1161 1164 1228 ulterius
1185 1164 1317 1240 vident,
1336 1166 1429 1248 quod

306 1256 435 1320 bonum
454 1265 490 1321 et
515 1257 642 1332 malum
657 1258 728 1320 sint
748 1257 817 1332 duo
832 1259 1005 1340 opposita,
1025 1268 1061 1324 et
1082 1259 1176 1341 quod
1200 1261 1248 1322 ita
1270 1258 1429 1342 opposita

305 1351 375 1413 sint
395 1350 483 1413 sicut
502 1349 638 1413 caelum
657 1359 692 1414 et
712 1350 890 1426 infernum,
911 1361 947 1416 et
966 1352 1057 1434 quod
1077 1372 1180 1416 omne
1199 1352 1327 1416 bonum
1346 1355 1391 1416 sit
1410 1375 1428 1416 e

300 1445 415 1520 eaelo,
429 1455 466 1510 et
482 1461 584 1511 omne
597 1445 726 1511 malum
738 1446 783 1510 ab
794 1445 926 1512 interno
939 1467 949 1525 ς
968 1457 1004 1512 et
1021 1449 1102 1529 quia
1114 1447 1277 1513 Divinum
1290 1448 1429 1515 Domini

300 1540 387 1606 taen
417 1539 551 1606 caelum
576 1539 624 1622 (n.
654 1539 766 1623 7-12),
787 1542 879 1622 quod
908 1561 929 1606 a
959 1541 1110 1608 Domino
1132 1562 1203 1606 non
1231 1541 1295 1608 nisi
1325 1562 1428 1626 quam

303 1637 432 1700 bonum
449 1635 566 1700 influat
583 1636 674 1717 apud
693 1636 879 1724 hominem,
897 1647 933 1702 et
952 1639 1044 1719 quod
1063 1637 1107 1704 ab
1126 1637 1257 1702 inferno
1276 1657 1345 1712 non
1365 1639 1428 1702 nisi

304 1751 408 1814 quum
429 1730 579 1808 malum;
611 1740 648 1794 et
677 1731 769 1812 quod
788 1733 836 1794 sic
866 1731 1037 1799 Dominus
1065 1731 1240 1798 hominem
1265 1733 1427 1798 continue

302 1826 455 1892 abducat
485 1846 506 1890 a
534 1825 637 1900 malo,
658 1835 693 1888 et
721 1825 827 1890 ducat
850 1826 895 1890 ad
919 1825 1058 1902 bonum,
1078 1837 1115 1890 et
1141 1827 1233 1909 quod
1261 1826 1427 1891 interdum

301 1922 478 1987 hominem
497 1923 661 1986 continue
679 1920 820 1984 inducat
851 1923 885 1984 in
913 1922 1049 1986 malum.
1095 1921 1169 1986 Nisi
1200 1922 1307 1986 homo
1336 1923 1427 1986 inter

304 2027 484 2098 utrumque
504 2026 609 2090 esset,
630 2033 700 2078 uon
723 2015 812 2080 soret
836 2016 866 2078 ei
888 2016 1003 2098 aliqua
1026 2017 1205 2098 cogitatio,
1226 2037 1289 2082 nec
1313 2017 1426 2100 aliqua

303 2111 476 2184 voluntas,
506 2113 616 2174 minus
647 2109 678 2172 ei
711 2109 851 2191 aliquod
882 2109 1037 2184 liberum,
1066 2121 1104 2174 et
1137 2111 1251 2194 aliqua
1280 2110 1425 2184 eledtio;

301 2207 418 2271 omnia
437 2205 528 2268 enim
548 2205 633 2270 haec
654 2213 734 2268 sunt
754 2203 885 2268 homini
904 2226 949 2268 ex
968 2206 1169 2287 aequilibrio
1187 2207 1278 2270 inter
1297 2207 1425 2272 bonum

302 2310 338 2364 et
358 2299 505 2364 malum:
531 2308 740 2380 quapropter
763 2299 791 2360 si
810 2299 978 2364 Dominus
996 2311 1170 2364 averteret
1191 2297 1246 2376 Se,
1266 2311 1303 2365 et
1322 2301 1426 2367 homo

301 2395 367 2458 soli
388 2393 480 2460 malo
499 2391 638 2458 relidius
656 2393 754 2470 soret,
772 2411 841 2456 non
860 2393 1008 2475 amplius
1026 2395 1131 2458 homo
1146 2406 1251 2460 esset.
1296 2395 1354 2460 Ex
1373 2393 1426 2461 his

302 2499 410 2571 patet,
431 2489 523 2572 quod
554 2489 723 2552 Dominus
746 2507 823 2550 cum
846 2487 940 2552 bono
966 2489 1085 2555 influat
1116 2491 1207 2569 apud
1237 2489 1424 2564 hominem,

300 2605 408 2674 aeque
425 2585 517 2666 apud
536 2584 663 2648 malum
683 2602 723 2646 ac
743 2583 833 2664 apud
857 2583 1007 2662 bonum3
1034 2585 1096 2648 sed
1121 2604 1197 2648 cum
1217 2584 1423 2656 differentia,

300 2681 392 2760 quod
408 2679 586 2744 hominem
603 2677 730 2740 malum
750 2679 914 2742 continue
930 2677 1081 2742 abducat
1106 2700 1126 2742 a
1151 2679 1254 2754 malo,
1271 2689 1307 2746 et
1332 2681 1423 2762 quod

300 2774 475 2838 hominem
493 2773 619 2836 bonum
634 2773 795 2836 continue
806 2773 912 2836 ducat
927 2774 972 2836 ad
989 2773 1116 2838 bonum
1134 2795 1141 2851 ;
1165 2785 1201 2838 et
1218 2775 1308 2858 quod
1322 2794 1424 2838 causa

300 2867 615 2942 talisdifserentiae
635 2868 680 2930 sit
699 2867 788 2948 apud
809 2866 995 2940 hominem.
1015 2869 1094 2949 quia
1113 2878 1167 2932 est
1185 2870 1364 2950 recipiens.

361 2976 461 3044 547.
491 2961 548 3024 Ex
565 2961 617 3024 his
632 2971 793 3026 constare
809 2971 939 3042 potest,
952 2963 1044 3045 quod
1061 2963 1165 3026 homo
1179 2962 1306 3026 malum
1321 2963 1422 3028 saciat

299 3078 345 3122 ex
368 3057 510 3132 interno,
531 3066 567 3120 et
590 3056 681 3139 quod
705 3055 832 3120 bonum
855 3055 957 3122 faciat
982 3078 1027 3120 ex
1048 3057 1201 3122 Domino
1218 3075 1225 3117 :
1241 3058 1321 3138 ⁸sed
1344 3059 1422 3142 quia

298 3153 404 3216 homo
427 3151 537 3216 credit
560 3149 651 3233 quod
674 3151 833 3234 quicquid
858 3151 938 3216 lacit
962 3173 1007 3216 ex
1030 3173 1068 3216 se
1090 3152 1205 3228 saciat,
1230 3152 1322 3236 quod
1343 3152 1422 3218 ideo

299 3246 438 3322 malum,
459 3247 552 3329 quod
582 3246 675 3322 facit,
696 3246 727 3310 ei
757 3245 947 3312 adhaereat
975 3248 1063 3312 sicut
1093 3267 1211 3326 suum;
1246 3248 1324 3312 inde
1355 3259 1419 3326 est,

298 3343 389 3425 quod
409 3341 514 3406 homo
532 3343 577 3406 sit
600 3343 634 3404 in
653 3361 757 3406 causa
776 3344 826 3406 sui
850 3342 941 3418 mali,
962 3363 1002 3408 ac
1027 3342 1223 3408 nullatenus
1243 3342 1420 3408 Dominus.

298 3437 430 3500 Malum
449 3437 539 3518 apud
558 3436 733 3500 hominem
753 3447 807 3502 est
826 3435 992 3500 infernum
1012 3438 1103 3520 apud
1122 3457 1220 3516 eum;
1244 3457 1325 3503 nam
1349 3439 1420 3504 sive

297 3533 393 3596 dicas
416 3533 544 3596 malum
568 3533 640 3594 sive
664 3531 843 3608 infernum,
865 3531 957 3596 idem
982 3541 1046 3596 est.
1093 3531 1192 3600 Nunc
1216 3533 1293 3616 quia
1316 3531 1420 3598 homo

297 3628 413 3704 estin
445 3647 547 3690 causa
576 3627 626 3689 sui
654 3625 745 3700 mali,
771 3625 849 3690 ideo
875 3628 980 3692 etiam
1005 3626 1062 3690 ille
1091 3637 1202 3690 semet
1227 3627 1359 3692 inducit
1386 3629 1419 3692 in

297 3721 475 3796 infernum,
493 3731 529 3786 et
548 3741 617 3784 non
635 3719 803 3784 Dominus
820 3743 828 3798 ;
853 3732 888 3786 et
912 3731 1049 3786 tantum
1066 3721 1165 3784 abest
1184 3723 1274 3804 quod
1300 3722 1418 3786 Domi·

298 3836 360 3878 nus
377 3817 518 3879 inducat
535 3815 708 3880 hominem
733 3817 768 3880 in
783 3815 964 3889 infernum.
982 3826 1019 3880 ut
1042 3815 1164 3879 liberet
1182 3816 1357 3879 hominem
1376 3818 1420 3880 ab

297 3911 438 3988 infern0,
452 3921 618 3994 quantum
635 3911 740 3976 homo
757 3932 825 3974 non
842 3911 916 3974 vult
933 3920 968 3974 et
986 3921 1079 3974 amat
1097 3913 1129 3976 in
1146 3933 1208 3974 suo
1224 3911 1317 3976 malo
1332 3932 1418 3978 esse.

297 4004 409 4070 Omne
423 4006 614 4070 voluntatis
630 4016 665 4070 et
683 4009 808 4070 amoris
822 4007 971 4070 hominis
984 4016 1102 4070 manet
1119 4007 1208 4087 apud
1226 4007 1322 4072 illum
1339 4017 1419 4088 post

296 4111 444 4164 mortem
463 4099 511 4183 (n.
530 4099 715 4183 470-484);
740 4103 796 4184 qui
816 4101 943 4163 malum
963 4101 1038 4164 vult
1058 4111 1093 4163 et
1113 4111 1206 4163 amat
1226 4103 1258 4164 in
1279 4102 1417 4176 mundo,

295 4196 322 4260 is
342 4195 432 4261 idem
450 4195 578 4260 malum
594 4195 668 4260 vult
685 4205 721 4260 et
737 4205 832 4265 amat
849 4197 883 4262 iu
902 4195 1012 4260 altera
1028 4196 1111 4272 vita,
1129 4195 1173 4258 ab
1191 4217 1233 4258 eo
1250 4206 1331 4260 tunc
1350 4215 1418 4262 non

295 4290 441 4373 amplius
469 4311 506 4354 se
536 4291 660 4356 abduci
683 4293 833 4373 patitur:
867 4290 947 4354 inde
965 4300 1032 4366 est,
1051 4291 1144 4372 quod
1168 4289 1273 4356 homo
1294 4291 1353 4374 qui
1381 4292 1417 4356 in

295 4387 387 4452 malo
407 4397 472 4465 est,
490 4387 655 4468 alligatus
675 4387 720 4450 sit
738 4385 881 4459 inlemo,
897 4395 934 4448 et
953 4405 1088 4470 quoque
1104 4381 1286 4450 annaliter
1304 4386 1418 4470 quoad

295 4482 451 4564 spiritum
476 4499 572 4544 suum
596 4481 642 4544 ibi
660 4481 723 4570 sit,
743 4500 782 4544 ac
805 4489 887 4563 post
912 4489 1059 4544 mortem
1080 4479 1162 4545 nihil
1190 4479 1266 4564 plus
1290 4479 1417 4562 cupiat.

295 4595 396 4658 quam
420 4577 466 4640 ibi
496 4595 571 4641 esse
593 4577 651 4640 ubi
673 4595 771 4640 suum
796 4575 943 4640 malum:
978 4583 1187 4658 quapropter
1209 4573 1315 4642 homo
1338 4585 1417 4658 post
