3408 5358
303 589 365 654 286
628 605 679 655 ns
701 603 828 656 cnseo
852 605 900 656 ΕΤ
923 605 1104 658 runanno.

302 773 417 838 omnia
446 795 466 838 a
499 775 608 857 primo
631 773 814 840 metionis
839 797 956 840 eorum
987 787 1142 860 tempore
1172 779 1217 842 ad
1247 778 1424 858 ultimum;

303 870 439 951 singula
468 871 580 953 quoad
611 881 780 954 quantum
812 879 848 935 et
881 871 992 954 quale,
1023 892 1100 935 cum
1129 882 1297 955 tempore,
1329 885 1425 939 statu

303 965 429 1029 mentis
445 983 562 1030 eorum
579 985 618 1030 ac
636 967 841 1043 intentione,
858 987 944 1050 quae
961 969 1076 1031 omnia
1092 969 1192 1032 simul
1212 972 1246 1032 in
1265 971 1424 1035 recorda-

303 1061 435 1124 tionem
459 1081 575 1124 eorum
599 1062 762 1138 immissa,
786 1073 822 1126 et
852 1063 896 1125 ad
924 1061 1033 1126 visum
1057 1073 1200 1128 ostensa
1224 1075 1315 1139 sunt,
1339 1087 1425 1148 quae

304 1165 403 1221 erant
419 1157 510 1220 ultra
526 1155 623 1239 plura
639 1167 798 1222 centena.
845 1156 923 1221 Hoc
939 1155 1066 1220 laetum
1082 1168 1137 1222 est
1154 1178 1230 1222 cum
1244 1159 1424 1242 aliquibus,

304 1259 340 1315 et
363 1252 455 1334 quod
474 1251 639 1328 mirabile,
660 1253 724 1334 ipsi
746 1272 864 1316 eorum
889 1252 964 1317 libri
984 1253 1210 1328 memoriales,
1232 1257 1352 1337 quibus
1374 1257 1425 1319 in·

305 1348 515 1427 scripserunt
534 1347 629 1421 talia,
649 1348 762 1428 aperti
777 1358 857 1411 sunt
877 1357 913 1411 et
933 1366 1049 1412 coram
1068 1347 1135 1411 illis
1154 1347 1234 1412 lecti
1257 1371 1277 1412 a
1300 1351 1428 1432 pagina

305 1442 348 1504 ad
366 1443 537 1523 paginam.
583 1441 747 1518 Fuerunt,
761 1444 818 1525 qui
835 1443 1055 1524 pellexerunt
1070 1444 1221 1524 virgines
1237 1445 1280 1508 ad
1296 1453 1425 1527 stupra,

305 1536 420 1619 etqui
443 1539 644 1600 castitatem
664 1537 847 1614 violarunt,
867 1548 903 1600 et
927 1538 970 1600 ad
995 1536 1105 1600 simile
1124 1537 1287 1618 judicium
1312 1543 1427 1604 vocati

306 1643 398 1707 sunt,
419 1641 455 1694 et
478 1653 522 1694 ex
542 1633 707 1694 memoria
725 1651 842 1696 eorum
862 1631 1069 1715 deprompta
1087 1642 1123 1696 et
1142 1633 1290 1715 recitata
1308 1636 1426 1717 singu·

306 1726 362 1804 la;
385 1727 480 1808 ipsae
499 1725 601 1790 iacies
620 1727 788 1808 virginum
807 1737 843 1790 et
867 1727 1045 1791 mulierum
1065 1729 1275 1793 sistebantur
1294 1750 1427 1814 quoque

307 1821 395 1884 sicut
419 1832 732 1902 praesentes,'cum
755 1821 852 1896 locis,
878 1820 1033 1904 loquelis,
1058 1833 1094 1887 et
1121 1825 1263 1903 animis3
1297 1835 1333 1889 et
1359 1827 1425 1890 hoc

307 1925 379 1978 tam
399 1916 514 1979 subito
532 1917 620 1979 sicut
640 1935 716 1979 curn
735 1917 815 1998 quid
838 1916 882 1979 ad
905 1918 1015 1980 visum
1034 1917 1176 1982 sistitur.
1222 1919 1430 1986 Perstabant

307 2011 603 2076 manifestationes
619 2011 801 2094 aliquoties
821 2032 880 2094 per
894 2012 1008 2076 horas.
1054 2013 1145 2088 Fuit,
1162 2015 1219 2098 qui
1235 2016 1428 2100 vituperare

307 2107 394 2170 alios
423 2127 486 2189 pro
515 2107 623 2170 nihilo
651 2109 843 2189 reputavit;
881 2109 995 2172 audivi
1025 2110 1215 2173 recensitas
1245 2112 1279 2174 in
1302 2112 1429 2177 ordine

307 2203 588 2282 vituperationes,
609 2213 645 2266 et
668 2221 802 2286 quoque
821 2201 1138 2285 blasphemationes
1157 2203 1227 2285 ejus
1246 2225 1323 2269 cum
1347 2207 1429 2289 ipsis

307 2299 433 2372 verbiS,
454 2297 498 2360 de
521 2297 643 2380 quibus
663 2298 827 2379 personis,
848 2307 884 2360 et
908 2317 1024 2361 coram
1042 2299 1164 2380 quibus
1180 2293 1189 2376 ;‘
1207 2320 1294 2382 quae
1315 2303 1430 2365 omnia

309 2393 585 2476 producebantur
608 2403 644 2456 et
666 2392 710 2455 ad
730 2394 844 2455 vivum
864 2392 1077 2456 sistebantur
1094 2393 1219 2472 simul;
1250 2405 1286 2458 et
1310 2405 1428 2460 tamen

309 2487 444 2570 singula
460 2488 574 2550 studio
590 2487 766 2550 occultata
781 2487 917 2550 luerunt
935 2487 980 2550 ab
998 2486 1060 2551 illo
1075 2507 1152 2552 cum
1169 2489 1258 2552 vixit
1277 2491 1311 2552 in
1331 2509 1429 2554 mun·

309 2585 363 2647 do.
410 2581 496 2646 Erat
519 2583 668 2664 quidam,
693 2583 749 2664 qui
776 2581 912 2645 affinem
936 2583 1129 2663 deprivavit
1152 2582 1346 2648 hereditate
1369 2607 1431 2648 sua

309 2679 372 2742 sub
395 2687 580 2759 praetextu
610 2675 754 2740 doloso:
785 2679 813 2740 is
842 2697 976 2759 quoque
1004 2677 1162 2742 similiter
1184 2677 1361 2743 convidtus
1393 2691 1430 2743 et

305 2775 477 2857 judicatus
496 2782 562 2848 est,
579 2781 615 2836 et
635 2773 725 2854 quod
743 2771 875 2850 mirum,
893 2773 1061 2854 epistolae
1077 2783 1113 2836 et
1131 2773 1326 2850 schedulae,
1343 2795 1430 2857 quae

309 2868 507 2944 interillos,
527 2868 571 2930 ad
590 2867 745 2930 auditum
764 2885 877 2930 meum
896 2865 1006 2931 lectae
1023 2877 1114 2942 sunt,
1135 2877 1172 2931 et
1190 2866 1318 2931 dictum
1337 2869 1429 2951 quod

310 2985 378 3028 non
394 2985 465 3027 vox
484 2963 633 3026 deesset.
680 2961 777 3024 Idem
794 2981 939 3044 quoque,
954 2982 1037 3026 mox
1057 2972 1140 3027 ante
1156 2973 1303 3026 mortem
1321 2983 1429 3040 suam,

309 3060 458 3123 vicinum
474 3058 690 3121 clandestine
709 3059 847 3120 necavit
863 3076 1017 3120 veneno:
1042 3058 1108 3122 hoc
1128 3079 1170 3121 eo
1189 3059 1294 3121 modo
1310 3059 1430 3123 detec-

309 3166 383 3219 tum
402 3164 475 3232 est;
504 3154 566 3216 sub
586 3151 731 3234 pedibus
750 3153 841 3216 visus
864 3161 918 3216 est
942 3152 1099 3216 scrobem
1118 3151 1276 3228 effodere,
1297 3174 1341 3217 ex
1365 3175 1432 3237 qua

310 3249 434 3314 effossa
456 3249 565 3312 exivit
588 3248 638 3310 vir
661 3248 749 3310 sicut
778 3268 797 3311 e
820 3246 988 3328 sepulcro,
1012 3257 1047 3311 et
1077 3245 1241 3310 clamavit
1267 3248 1311 3310 ad
1341 3267 1430 3326 eum,

312 3343 435 3426 “Quid
454 3343 561 3406 iecisti
579 3341 660 3406 mihi
671 3341 700 3404 ?''
724 3339 771 3406 Et
788 3352 871 3405 tunc
888 3343 1129 3406 revelabantur
1145 3343 1270 3414 omnia,
1287 3361 1431 3425 quomo·

311 3441 356 3504 do
374 3437 546 3502 veneficus
564 3437 674 3500 amice
693 3455 769 3500 cum
789 3457 831 3500 eo
850 3437 985 3500 locutus
1004 3447 1070 3511 est,
1087 3446 1124 3500 et
1147 3437 1302 3520 porrexit
1326 3457 1431 3520 pocu-

311 3536 391 3611 lum,
416 3544 490 3598 tum
522 3533 603 3615 quid
633 3532 724 3614 prius
754 3532 936 3612 cogitavit,
961 3542 997 3596 et
1033 3533 1113 3614 quid
1142 3543 1265 3614 postea
1294 3534 1431 3611 evenit;

311 3630 431 3713 quibus
450 3624 595 3692 deted'tis
611 3626 782 3709 judicatus
801 3637 855 3690 est
875 3625 919 3689 ad
943 3625 1120 3689 infernum.
1166 3623 1296 3700 Verbo,
1317 3629 1432 3690 omnia

311 3725 412 3798 mala,
432 3723 596 3798 facinora,
617 3721 807 3795 latrocinia,
825 3732 931 3796 artes,
949 3721 1030 3795 doli,
1048 3719 1311 3784 manifestantur
1326 3722 1432 3785 cuivis

311 3820 404 3884 malo
423 3819 567 3900 spiritui,
585 3837 624 3881 ac
645 3817 894 3899 depromuntur
912 3837 958 3879 ex
977 3817 1052 3897 ipsa
1070 3834 1185 3879 eorum
1203 3817 1378 3892 memoria,
1396 3825 1432 3880 et

311 3915 583 3990 convincuntur;
614 3931 677 3975 nec
701 3912 804 3975 datur
822 3911 972 3993 negandi
996 3911 1102 3986 locus,
1123 3910 1202 3992 quia
1224 3929 1345 3974 omnes
1368 3911 1433 3974 cir·

311 4010 541 4076 cumstantiae
564 4007 664 4072 simul
687 4016 867 4090 apparent.
912 4004 1039 4068 Audivi
1062 4007 1165 4069 etiam
1189 4025 1234 4068 ex
1267 4007 1433 4070 memoria

312 4103 453 4186 alicujus
475 4105 520 4166 ab
546 4103 679 4184 angelis
707 4103 782 4166 visa
811 4111 847 4166 et
876 4099 1036 4176 lustrata,
1055 4100 1135 4182 quid
1169 4100 1258 4163 intra
1280 4117 1434 4164 mensem

312 4201 530 4282 cogitaverat
550 4218 618 4261 uno
641 4199 696 4262 die
715 4206 795 4280 post
815 4196 974 4270 alterum,
994 4203 1031 4259 et
1053 4194 1120 4258 hoc
1139 4195 1268 4277 absque
1286 4194 1433 4270 fallacia,

312 4316 400 4379 quae
419 4293 667 4358 revocabantur
682 4293 771 4357 sicut
789 4293 863 4374 ipse
882 4291 916 4354 in
935 4290 1093 4354 illiserat
1112 4291 1186 4353 istis
1202 4290 1333 4353 diebus.
1377 4289 1434 4352 Ex

312 4391 365 4455 his
384 4389 554 4471 exemplis
573 4397 731 4452 constare
754 4394 884 4470 potest,
904 4385 996 4467 quod
1019 4384 1123 4448 homo
1146 4403 1284 4448 omnem
1304 4401 1435 4448 memo-

313 4487 399 4550 riam
422 4502 540 4549 secum
568 4483 672 4548 ierat:
711 4491 748 4546 et
776 4481 868 4564 quod
899 4479 983 4543 nihil
1013 4487 1086 4544 tam
1116 4478 1292 4543 occultum
1323 4479 1369 4542 sit
1402 4477 1436 4540 in

314 4581 455 4657 mundo,
475 4579 566 4663 quod
586 4600 655 4643 non
679 4577 717 4643 fit
737 4576 957 4641 manifestum
975 4583 1054 4658 post
1073 4583 1243 4653 mortem;
1267 4583 1302 4638 et
1321 4573 1436 4638 hocin
