3408 5358
424 645 474 696 DE
499 646 687 698 DlVl'l'lBUS
711 645 760 698 Et·
782 645 1014 700 PAUPERIBUS
1036 646 1079 698 IN
1101 645 1236 698 CAELO.
1327 647 1388 716 225

268 817 436 895 descunt;
468 817 643 900 spirituale
666 817 816 882 enimin
839 817 967 882 divitiis
990 825 1026 883 et
1049 837 1166 882 earum
1189 817 1315 892 usibus,
1336 827 1390 882 est

267 914 356 978 sicut
373 915 487 978 anima
503 914 537 976 in
553 933 707 995 corpore,
724 925 760 977 et
776 915 865 978 sicut
882 912 942 976 lux
959 913 1047 978 caeli
1062 915 1095 976 in
1111 913 1390 991 humida'hum03

267 1017 303 1072 et
321 1029 456 1092 quoque
475 1017 678 1089 putrescunt
697 1011 787 1074 sicut
806 1027 930 1090 corpus
950 1008 1080 1090 absque
1099 1009 1225 1084 anima,
1245 1017 1281 1072 et
1301 1010 1390 1072 sicut

267 1103 407 1167 humida
425 1103 547 1166 humus
566 1103 696 1186 absque
715 1103 791 1168 luce
810 1103 907 1167 caeli.
953 1101 1000 1168 Hi
1019 1112 1100 1168 sunt
1120 1101 1233 1185 ¹¹¹quos
1249 1103 1390 1168 divitiae

266 1200 493 1272 seduxerunt,
512 1207 549 1262 et
568 1219 587 1262 e
606 1198 704 1262 caelo
723 1199 963 1262 detraxerunt.

328 1296 433 1378 363·
473 1291 748 1376 Unumquemvis
778 1293 953 1358 hominem
980 1302 1100 1358 manet
1131 1303 1211 1376 post
1242 1303 1389 1358 mortem

265 1387 336 1469 ejus
354 1385 489 1452 affectio
512 1408 572 1453 seu
595 1408 691 1452 amor
706 1389 908 1466 dominans;
941 1387 999 1452 ille
1023 1408 1093 1452 non
1117 1389 1333 1472 exstirpatur
1354 1389 1388 1452 in

264 1493 465 1560 aeternum3
489 1483 651 1566 quoniam
667 1483 815 1548 hominis
830 1485 969 1565 spiritus
983 1504 1120 1566 prorsus
1139 1494 1193 1548 est
1213 1485 1302 1548 sicut
1318 1484 1389 1564 ejus

264 1597 370 1650 amor,
395 1588 431 1642 et
461 1579 553 1660 quod
582 1598 745 1642 arcanum
775 1589 840 1652 est,
868 1577 1015 1660 cujusvis
1038 1579 1176 1660 spiritus
1203 1589 1239 1642 et
1272 1579 1388 1660 angeli

263 1691 386 1752 corpus
409 1683 463 1738 est
486 1671 557 1754 ejus
579 1675 706 1736 amoris
729 1673 838 1738 forma
860 1683 1007 1737 externa
1026 1687 1163 1756 prorsus
1182 1694 1387 1756 correspon-

264 1767 350 1830 dens
365 1768 496 1832 lormae
514 1770 670 1833 internae
690 1789 778 1852 quae
796 1777 850 1832 est
866 1767 937 1850 ejus
952 1769 1056 1832 animi
1075 1779 1111 1834 et
1130 1771 1275 1834 mentis:
1308 1771 1387 1834 inde

263 1871 317 1926 est
337 1864 428 1944 quod
444 1864 584 1944 spiritus
600 1873 789 1928 noscantur
804 1863 923 1946 quales
938 1873 1019 1928 sunt
1035 1885 1080 1927 ex
1100 1865 1196 1940 facie,
1215 1886 1261 1930 ex
1277 1867 1386 1946 gesti-

262 1958 336 2032 bus,
347 1969 384 2024 et
396 1979 442 2022 ex
455 1957 592 2040 loquela
605 1979 613 2036 ;
637 1969 673 2022 et
686 1979 821 2051 quoque
834 1969 1034 2024 nosceretur
1046 1959 1151 2022 homo
1163 1961 1276 2042 quoad
1290 1962 1386 2042 spiri·

263 2062 337 2118 tum
350 2073 446 2118 suum
459 2053 540 2117 dum
553 2055 636 2118 vivit
649 2055 684 2117 in
698 2055 837 2130 mundo,
850 2055 877 2118 si
890 2073 959 2119 non
973 2055 1151 2118 didicisset
1163 2055 1259 2130 facie,
1271 2066 1384 2137 gestu,

263 2159 299 2214 et
321 2149 459 2234 loquela
482 2151 618 2214 mentiri
641 2169 710 2214 non
734 2171 805 2216 sua.
851 2151 935 2214 Inde
959 2160 1121 2215 constare
1144 2161 1274 2233 potest,
1294 2154 1385 2235 quod

262 2245 367 2309 homo
396 2246 430 2308 in
460 2255 639 2309 aeternum
659 2255 812 2321 maneat,
837 2245 948 2329 qualis
977 2255 1032 2310 est
1062 2243 1134 2324 ejus
1162 2245 1296 2310 affectio
1325 2269 1385 2312 seu

262 2360 359 2405 amor
377 2341 653 2422 praedominans.
699 2340 810 2424 Loqui
828 2342 948 2405 datum
965 2349 1020 2406 est
1039 2361 1116 2404 cum
1132 2341 1313 2424 aliquibus,
1329 2344 1385 2424 qui

261 2438 422 2501 vixerunt
440 2445 522 2500 ante
538 2437 776 2518 septendecim
793 2436 942 2512 saecula,
959 2455 1103 2518 quorum
1123 2437 1195 2500 vita
1213 2457 1258 2500 ex
1278 2437 1385 2518 scrip·

261 2532 306 2594 tis
329 2551 372 2594 eo
390 2541 549 2612 tempore
567 2541 652 2595 nota
675 2541 742 2606 est,
762 2541 798 2594 et
822 2541 1035 2613 compertum
1054 2531 1145 2614 quod
1164 2531 1277 2594 adhuc
1297 2531 1384 2596 serat

260 2627 339 2691 illos
357 2646 454 2692 amor
469 2647 548 2690 suus
568 2627 624 2710 qui
643 2638 726 2692 tunc
746 2627 819 2690 fuit.
865 2627 951 2690 Inde
969 2647 1105 2710 quoque
1124 2636 1286 2692 constare
1304 2636 1383 2710 pot·

261 2732 323 2797 est,
343 2723 435 2805 quod
458 2741 554 2784 amor
577 2723 774 2786 divitiarum
802 2741 844 2788 ac
867 2741 988 2786 usuum
1018 2742 1064 2786 ex
1091 2722 1221 2786 divitiis
1244 2731 1384 2786 maneat

261 2817 521 2900 unumquemvis
536 2817 571 2880 in
586 2829 776 2892 aeternum,
793 2826 829 2882 et
851 2835 988 2900 prorsus
1005 2816 1086 2881 talis
1102 2818 1147 2881 sit
1163 2817 1273 2900 qualis
1289 2837 1384 2880 com·

261 2923 399 2995 paratus
429 2921 484 2976 est
515 2913 548 2975 in
576 2913 725 2990 mundo;
757 2932 835 2977 cum
858 2933 899 2976 ea
922 2921 1041 2976 tamen
1064 2913 1267 2988 differentia,
1292 2913 1383 2996 quod

261 3008 403 3072 divitiae
426 3008 516 3092 apud
540 3007 618 3071 illos
641 3009 762 3090 quibus
784 3009 1035 3072 inserviverant
1060 3027 1122 3091 pro
1144 3009 1244 3072 bonis
1268 3009 1383 3072 usibus

260 3112 441 3166 vertantur
459 3104 492 3166 in
509 3102 746 3183 jucunditates
765 3103 954 3167 secundum
972 3123 1063 3177 usus,
1081 3113 1117 3166 et
1135 3103 1226 3186 quod
1243 3103 1383 3168 divitiae

260 3199 351 3278 apud
370 3197 448 3261 illos
466 3199 588 3280 quibus
606 3199 856 3262 inserviverant
873 3217 935 3280 pro
954 3197 1055 3262 malis
1073 3199 1189 3262 usibus
1207 3207 1384 3263 vertantur

260 3293 293 3357 in
317 3294 449 3366 sordes,
474 3293 595 3375 quibus
617 3295 723 3356 etiam
746 3303 828 3356 tunc
852 3290 1071 3357 deledtantur
1093 3294 1251 3357 similiter
1280 3304 1318 3358 ut
1348 3295 1382 3358 in

261 3389 388 3452 mundo
407 3389 537 3451 divitiis
557 3398 698 3470 propter
716 3387 827 3451 malos
846 3407 936 3451 usus.
982 3385 1084 3469 Quod
1104 3399 1185 3452 tunc
1205 3386 1382 3452 deledien·

259 3493 315 3547 tur
333 3484 501 3557 sordibus,
521 3493 575 3546 est
599 3484 678 3564 quia
701 3503 844 3565 spurcae
863 3483 1067 3566 voluptates
1084 3493 1120 3548 et
1139 3483 1281 3565 flagitia,
1294 3505 1382 3567 quae

260 3578 396 3641 suerunt
419 3597 498 3640 usus
521 3597 567 3640 ex
590 3577 669 3652 illis,
693 3588 730 3641 et
760 3597 896 3661 quoque
918 3579 1074 3653 avaritia,
1099 3598 1185 3661 quae
1208 3588 1263 3642 est
1286 3598 1382 3644 amor

258 3673 453 3736 divitiarum
464 3672 592 3754 absque
605 3693 677 3746 usu,
689 3672 847 3736 sordibus
862 3675 1133 3756 correspondent
1146 3695 1153 3751 ;
1177 3674 1297 3737 sordes
1313 3675 1381 3755 spi·

259 3767 401 3830 rituales
421 3787 489 3830 non
508 3767 597 3830 aliae
616 3775 707 3830 sunt.

321 3861 424 3944 364.
457 3862 627 3944 Pauperes
651 3881 720 3926 non
752 3863 786 3926 in
816 3862 950 3927 caelum
974 3874 1116 3946 propter
1139 3875 1380 3948 paupertatem

258 3957 411 4031 veniunt,
424 3958 485 4020 sed
503 3967 641 4040 propter
652 3959 771 4021 vitam.
815 3957 1088 4042 Unumquemvis
1100 3959 1173 4023 vita
1185 3959 1256 4041 ejus
1269 3961 1380 4043 sequi·

258 4059 325 4126 tur,
342 4052 413 4115 sive
429 4052 526 4116 dives
544 4053 590 4116 sit
609 4053 680 4116 sive
697 4071 835 4135 pauper.
880 4053 960 4118 Non
979 4063 1033 4118 est
1053 4054 1233 4136 peculiaris
1249 4057 1379 4118 miseri-

258 4147 375 4212 cordia
404 4167 467 4230 pro
495 4167 564 4211 uno
588 4149 698 4230 magis
720 4169 822 4232 quarn
841 4169 904 4232 pro
931 4148 1043 4214 altero
1057 4145 1107 4228 ;(rl
1139 4150 1302 4232 recipitur
1323 4151 1380 4232 qui

647 4376 698 4428 [lux
711 4387 807 4419 arcnrns
819 4375 990 4429 mummii

312 4481 369 4603 (q)
389 4476 487 4564 Quod
497 4479 699 4538 misericordia
712 4479 887 4534 immediata
899 4494 960 4535 non
981 4479 1077 4564 detqr,
1090 4480 1144 4536 sed
1165 4477 1378 4564 mediataqhoe

259 4559 304 4606 est
323 4567 331 4604 r
344 4551 380 4606 irs
392 4566 443 4620 qur
458 4561 565 4606 vrvunt
577 4551 742 4606 secundum
757 4561 915 4621 praecepta
928 4549 1060 4614 Domni,
1070 4566 1147 4620 quoe
1160 4567 1198 4606 ex
1213 4567 1379 4606 misericor-

259 4621 309 4676 dia
321 4622 404 4676 ducit
416 4621 559 4678 continue
574 4622 603 4676 iu
618 4622 738 4682 mundo.
747 4637 782 4676 ac
796 4632 901 4690 postea
914 4621 943 4676 in
956 4631 1111 4676 aeternum
1127 4623 1167 4683 (n.
1181 4621 1377 4692 8700,10659).
