3408 5358
292 601 354 682 258
615 615 664 666 nn
687 613 814 666 casio
838 615 885 666 er
909 613 1092 666 mranno.

287 783 450 867 partibus,
470 786 667 868 regionibus
691 795 727 850 et
750 786 866 868 regnis
884 785 983 868 hujus
1002 785 1134 850 telluris
1152 785 1280 868 aliquid
1299 788 1407 862 novit,

285 881 490 947 concludere
509 893 637 965 potest.
682 881 748 965 Qui
768 883 938 947 calculum
957 884 1032 958 init,
1052 883 1298 966 deprehendet,
1317 885 1409 967 quod

287 979 364 1044 inde
393 981 437 1044 ad
464 979 561 1064 plura
590 979 697 1044 millia
726 979 903 1044 bominum
933 980 1087 1064 quolibet
1118 981 1172 1044 die
1200 981 1340 1057 obeant,
1360 982 1410 1046 ita

287 1078 376 1142 intra
393 1097 521 1142 annum
539 1077 584 1142 ad
604 1077 737 1160 aliquot
756 1079 929 1159 myriades
946 1099 1006 1142 seu
1025 1077 1220 1156 milliones;
1244 1089 1281 1142 et
1300 1079 1366 1143 hoc
1389 1100 1410 1142 a
1488 1136 1491 1142 .

287 1175 401 1258 primis
423 1173 647 1258 temporibus,
671 1195 691 1238 a
713 1175 835 1258 quibus
858 1176 1128 1240 intercesserunt
1151 1175 1283 1258 aliquot
1303 1175 1409 1240 millia

288 1290 474 1350 annorum;
508 1272 564 1354 qui
588 1292 708 1343 omnes
731 1281 811 1354 post
835 1273 969 1336 obitum
999 1273 1033 1336 in
1063 1271 1210 1336 alterurn
1233 1274 1407 1346 mundum,

287 1369 341 1452 qui
351 1379 496 1433 vocatur
508 1370 653 1433 mundus
667 1369 862 1453 spiritualis,
876 1379 1056 1445 venerunt,
1071 1381 1106 1434 et
1115 1370 1242 1452 jugiter
1255 1371 1407 1435 veniunt.

287 1464 381 1548 Quot
404 1477 520 1532 autem
544 1489 589 1530 ex
613 1467 681 1531 illis
704 1467 819 1549 angeli
842 1467 929 1532 caeli
951 1465 1031 1531 faeti
1054 1479 1194 1532 suntet
1218 1467 1315 1543 liunt,
1340 1488 1408 1532 non

206 1605 213 1616 -
287 1565 352 1628 dici
371 1573 510 1646 potest;
534 1565 599 1629 hoc
621 1565 702 1630 mihi
720 1563 848 1630 dictum
868 1573 933 1640 est,
953 1565 1046 1647 quod
1069 1567 1218 1648 antiquis
1239 1567 1404 1648 tempori·

287 1662 349 1725 bus
368 1661 539 1744 permulti,
557 1663 634 1745 quia
653 1671 735 1726 tunc
755 1661 913 1726 homines
932 1663 1075 1726 interius
1094 1671 1130 1726 et
1153 1662 1230 1745 plus
1249 1665 1408 1746 spiritua-

288 1757 365 1822 liter
387 1758 641 1839 cogitaverunt,
666 1777 706 1821 ac
730 1757 809 1822 inde
833 1759 866 1822 in
890 1758 1034 1824 caelesti
1053 1757 1233 1824 affectione
1252 1761 1407 1838 fuerunt;

287 1864 323 1920 at
342 1855 434 1937 quod
450 1855 673 1938 sequentibus
693 1855 787 1918 aevis
806 1875 875 1919 non
894 1865 965 1920 tam
985 1857 1095 1933 multi,
1113 1859 1191 1939 quia
1209 1857 1314 1921 homo
1332 1877 1409 1921 suc-

287 1971 384 2016 cessu
400 1953 566 2034 temporis
583 1953 736 2016 exterior
752 1949 861 2016 factus
877 1963 943 2029 est,
961 1963 997 2018 et
1017 1954 1093 2036 plus
1109 1955 1314 2018 naturaliter
1328 1974 1409 2018 coe·

287 2049 337 2132 pit
361 2050 528 2132 cogitare,
547 2059 583 2114 et
607 2048 687 2112 inde
710 2049 744 2112 in
767 2051 923 2114 terrestri
942 2049 1122 2115 affediione
1144 2071 1230 2116 esse.
1275 2051 1333 2115 Ex
1356 2051 1409 2115 his

287 2148 431 2228 primurn
462 2157 623 2211 constare
653 2156 784 2228 potest,
815 2149 907 2230 quod
936 2149 1071 2212 caelum
1101 2170 1147 2212 ex
1177 2149 1260 2213 solis
1287 2149 1409 2213 incolis

287 2243 383 2326 hujus
402 2243 534 2308 telluris
554 2263 719 2326 magnum
738 2245 793 2308 sit.

348 2343 449 2424 416.
480 2340 581 2422 Quod
605 2341 739 2406 caelum
763 2341 903 2406 Domini
932 2342 1137 2406 immensum
1168 2343 1224 2418 sit,
1249 2353 1408 2408 constare

287 2449 405 2521 potest
431 2459 477 2502 ex
507 2458 550 2502 eo
572 2439 659 2514 solo,
684 2439 776 2522 quod
799 2459 920 2504 omnes
943 2439 1103 2514 infantes,
1128 2441 1200 2504 sive
1223 2441 1314 2504 intra
1336 2442 1409 2504 sive

285 2545 389 2600 extra
408 2535 591 2600 ecclesiam
611 2538 683 2600 nati
706 2537 785 2612 sint,
805 2536 1018 2619 adoptentur
1040 2557 1060 2600 a
1083 2537 1245 2614 Domino,
1265 2549 1301 2602 et
1324 2535 1409 2601 fiant

286 2633 412 2715 angeli,
433 2653 754 2716 quorumnumerus
773 2634 817 2698 ad
840 2643 999 2716 quartam
1018 2655 1079 2698 seu
1098 2636 1253 2718 quintam
1266 2644 1407 2718 partem

287 2732 394 2796 totius
407 2733 543 2812 generis
555 2731 694 2796 humani
710 2732 744 2796 in
761 2731 885 2796 tellure
900 2733 1068 2814 exsurgit,
1114 2731 1216 2813 Quod
1229 2733 1407 2816 unusquis-

287 2849 352 2912 que
371 2828 492 2904 inians,
513 2829 705 2911 ubicunque
724 2838 826 2892 natus
849 2837 915 2904 est,
935 2830 1007 2893 sive
1025 2831 1116 2893 intra
1134 2829 1318 2894 ecclesiam
1337 2831 1408 2894 sive

287 2935 389 2990 extra
415 2925 521 3000 illam,
542 2927 614 2989 sive
643 2925 890 3008 aparentibus
918 2926 982 3008 piis
1011 2928 1083 2990 sive
1113 2927 1158 2990 ab
1186 2928 1310 3009 impiis,
1330 2945 1408 2991 curn

287 3024 439 3098 moritur,
459 3023 639 3104 recipiatur
654 3043 675 3086 a
694 3021 854 3097 Domino,
875 3032 911 3086 et
934 3023 968 3086 in
988 3023 1086 3088 caelo
1104 3024 1280 3099 educetur,
1295 3033 1331 3088 et
1354 3045 1407 3088 se·

288 3119 435 3184 cundum
455 3119 615 3183 Divinum
639 3120 794 3183 ordinem
818 3119 984 3184 doceatur
1006 3130 1042 3184 et
1065 3121 1239 3185 imbuatur
1256 3119 1407 3186 affedtio·

288 3218 387 3280 nibus
409 3217 501 3292 boni,
525 3227 561 3280 et
590 3237 651 3299 per
673 3215 750 3280 illas
774 3217 1030 3299 cognitionibus
1052 3219 1134 3292 veri,
1159 3227 1195 3282 et
1218 3218 1298 3282 dein
1320 3220 1408 3282 sicut

288 3313 459 3397 perficitur
471 3313 703 3396 intelligentia
714 3323 751 3378 et
767 3315 946 3396 sapientia,
961 3314 1199 3379 introducatur
1215 3316 1249 3378 in
1262 3314 1406 3389 caelum,

288 3421 324 3477 et
347 3410 408 3475 fiat
430 3411 585 3493 angelus,
606 3412 763 3475 videatur
778 3431 881 3494 supra
905 3410 953 3494 (n.
975 3411 1158 3494 329-345);
1190 3421 1319 3495 quanta
1342 3414 1408 3477 ita·

288 3530 353 3592 que
369 3508 556 3582 multitudo
571 3508 772 3591 angelorum
788 3509 875 3572 caeli
894 3529 914 3572 a
933 3510 1040 3592 prima
1056 3511 1231 3573 creatione
1247 3511 1291 3574 ad
1309 3510 1408 3574 hodi-

288 3625 406 3670 ernum
425 3615 563 3687 tempus
581 3627 628 3670 ex
647 3605 714 3670 illis
733 3606 817 3670 solis
836 3607 1026 3682 exstiterit,
1047 3606 1206 3671 concludi
1223 3617 1349 3690 potest.

351 3713 445 3784 417.
475 3701 589 3784 Quam
613 3704 817 3768 immensum
848 3704 893 3766 sit
920 3704 1054 3768 caelum
1078 3704 1227 3780 Domini,
1248 3713 1408 3768 constare

289 3801 393 3864 etiam
412 3809 530 3882 potest
550 3821 596 3864 ex
614 3821 667 3878 eo,
684 3800 776 3884 quod
794 3820 915 3864 omnes
932 3800 1092 3882 planetae
1111 3820 1227 3865 coram
1243 3801 1351 3864 oculis
1375 3803 1408 3864 in

290 3907 409 3962 nostro
425 3899 553 3962 mundo
572 3897 674 3962 solari
690 3899 876 3980 conspicui,
894 3898 963 3962 sint
980 3897 1122 3962 tellures
1138 3919 1146 3976 ;
1176 3908 1211 3962 et
1229 3905 1409 3980 praeterea

289 3994 380 4077 quod
398 3993 663 4059 innumerabiles
683 3995 752 4060 sint
776 3997 810 4060 in
829 3995 998 4070 universo,
1019 4005 1055 4058 et
1078 4015 1198 4059 omnes
1215 3995 1339 4077 plenae
1357 3997 1408 4060 in·

289 4091 396 4168 colis;
427 4092 470 4154 de
493 4092 613 4174 quibus
635 4091 670 4155 in
693 4091 855 4174 peculiari
874 4091 1039 4175 opusculo
1063 4093 1105 4156 de
1129 4091 1324 4156 Telluribus
1343 4093 1409 4156 iilis

289 4185 402 4254 adium
422 4197 488 4266 est,
507 4209 553 4254 ex
571 4209 639 4272 quo
658 4189 742 4254 haec
762 4191 942 4272 sequentia
961 4189 1065 4253 velim
1084 4187 1268 4254 afferre:-

343 4341 457 4416 “Quod
473 4342 574 4414 piures
588 4342 711 4400 tellures
724 4343 793 4404 sinc,
805 4351 837 4398 et
852 4357 942 4412 super
957 4342 1015 4397 illis
1029 4341 1174 4405 homines,
1188 4353 1219 4397 et
1239 4343 1308 4398 inde
1324 4343 1410 4413 spiri-

289 4426 339 4470 tus
353 4425 385 4470 et
403 4413 510 4486 angeli,
524 4413 715 4469 notissimum
730 4423 777 4468 est
797 4413 826 4468 in
845 4415 939 4468 altera
951 4413 1029 4476 vita;
1048 4429 1118 4468 narn
1131 4414 1227 4468 cuivis
1244 4414 1293 4476 ibi.
1327 4415 1357 4468 ui
1373 4429 1410 4468 ex

289 4501 389 4540 amore
403 4486 465 4540 veri
481 4496 513 4541 et
528 4486 599 4540 inde
615 4501 686 4539 usus
702 4485 861 4548 desiderat,
874 4501 942 4540 cum
959 4484 1113 4554 spiritibus
1128 4485 1252 4540 aliarum
1268 4430 1408 4540 tellumm

291 4559 297 4608 Ι
341 4557 370 4610 ui
390 4557 574 4620 conceditur,
590 4566 622 4611 et
641 4555 711 4610 inde
730 4555 902 4609 confirmari
921 4555 958 4610 de
978 4555 1149 4626 pluralitate
1170 4557 1359 4616 mundorum,
1375 4571 1410 4610 ac

292 4573 444 4682 iilormari
454 4628 533 4696 quod
547 4641 642 4698 genus
652 4625 815 4680 humanum
829 4640 890 4680 non
904 4627 1001 4680 solum
1011 4643 1048 4682 ex
1059 4643 1119 4682 uua
1131 4627 1237 4681 tellure
1251 4625 1297 4687 sit,
1308 4627 1359 4681 sed
1374 4643 1410 4680 er
