3382 5358
351 675 590 743 CONJUNCTIO
607 675 723 727 CAELI
741 676 820 727 CUM
841 674 996 727 HOMlNE
1015 677 1087 728 PER
1106 677 1273 734 VERBUM.
1329 685 1388 753 179

267 847 569 915 consociationem.
615 843 718 929 Quod
748 861 825 910 cum
854 845 988 928 angelis
1015 867 1085 948 nop
1110 847 1387 932 conjunctionem

266 945 327 1008 sed
345 943 450 1007 modo
469 941 760 1006 consociationem
778 940 918 1015 habeat,
938 951 992 1005 est
1007 944 1086 1025 quia
1104 943 1208 1008 homo
1228 967 1274 1009 ex
1293 967 1388 1014 crea·

265 1039 360 1102 tione
379 1045 433 1100 est
453 1035 572 1100 similis
590 1035 717 1117 angelo
733 1035 846 1116 quoad
864 1035 1026 1100 interiora
1044 1057 1131 1120 quae
1150 1043 1276 1104 mentis
1294 1051 1386 1118 sunt,

264 1133 384 1196 similis
401 1131 492 1194 enirn
511 1129 640 1194 homini
657 1139 711 1192 est
727 1129 888 1193 voluntas
904 1149 991 1212 quae
1007 1132 1145 1214 angelo,
1163 1144 1200 1198 et
1219 1136 1339 1200 similis
1356 1137 1388 1201 ei

264 1223 481 1304 intellectus3
512 1225 593 1288 inde
617 1233 681 1299 est,
702 1223 793 1306 quod
817 1224 922 1288 homo
942 1236 1022 1306 post
1042 1228 1185 1305 obitum,
1206 1232 1233 1293 si
1251 1233 1387 1296 vixerat

265 1321 452 1385 secundum
475 1321 630 1384 ordinem
656 1317 827 1393 Divinum,
853 1317 914 1384 fiat
946 1321 1101 1404 angelus,
1127 1334 1163 1388 et
1189 1327 1281 1409 quod
1304 1335 1386 1390 tunc

264 1416 383 1480 similis
401 1417 432 1480 ei
451 1435 527 1479 cum
547 1413 680 1496 angelis
700 1415 869 1494 sapientia
889 1415 956 1479 sit:
981 1429 1189 1500 quapropter
1208 1439 1284 1483 cum
1304 1421 1386 1484 dici·
1454 1471 1460 1488 .

264 1521 321 1576 tur
342 1507 536 1592 conjunctio
557 1510 706 1574 hominis
730 1528 807 1571 curn
832 1509 941 1586 caelo,
962 1511 1169 1595 intelligitur
1191 1513 1387 1596 cunjunctio

264 1605 336 1689 ejus
358 1625 435 1670 cum
459 1605 610 1668 Domino
639 1615 676 1669 et
699 1605 915 1667 consociatio
940 1625 1017 1670 cum
1040 1609 1184 1690 angelis,
1205 1629 1285 1672 nam
1308 1629 1386 1673 cae·

264 1699 335 1764 lum
351 1721 419 1764 non
438 1710 492 1764 est
511 1699 642 1763 caelum
663 1719 708 1762 ex
728 1701 866 1781 proprio
885 1701 1098 1782 angelorum,
1116 1703 1176 1767 sed
1195 1723 1241 1766 ex
1261 1703 1388 1768 Divino

265 1795 422 1860 Domini:
455 1794 546 1878 quod
572 1793 733 1858 Divinum
758 1795 898 1858 Domini
926 1796 1030 1860 iaciat
1061 1798 1204 1872 caelum,
1229 1798 1388 1863 videatur

265 1911 366 1972 supra
386 1889 432 1974 (n.
452 1888 590 1972 7-¹¹¹12).
640 1887 755 1953 Homo
775 1900 893 1953 autem
918 1891 1055 1972 insuper
1074 1893 1179 1956 habet
1202 1894 1294 1975 quod
1318 1913 1386 1958 non

264 1984 389 2066 angeli,
410 1983 501 2067 quod
531 2001 601 2046 non
631 1983 743 2047 solum
775 1984 809 2046 in
841 1984 1008 2064 spirituali
1040 1987 1168 2050 mundo
1190 1987 1303 2068 quoad
1326 2005 1387 2050 sua

263 2081 425 2144 interiora
443 2080 499 2154 sit,
517 2078 578 2142 sed
599 2079 704 2142 etiam
721 2077 820 2140 simul
840 2079 875 2140 in
895 2079 1042 2144 naturali
1061 2081 1173 2162 quoad
1193 2081 1384 2144 exteriora:

264 2175 437 2239 exteriora
447 2173 518 2254 ejus
531 2193 617 2256 quae
630 2181 708 2236 sunt
723 2173 757 2236 in
772 2173 919 2236 naturali
930 2173 1069 2249 mundo,
1082 2185 1161 2238 sunt
1173 2175 1289 2238 omnia
1299 2195 1385 2257 quae

265 2269 335 2352 ejus
358 2271 543 2334 memoriae
567 2267 733 2332 naturalis
758 2287 818 2330 seu
841 2276 1008 2331 externae
1028 2279 1119 2342 sunt,
1139 2279 1175 2333 et
1198 2290 1283 2352 quae
1306 2270 1385 2332 inde

264 2365 486 2445 cogitationis
505 2373 542 2426 et
565 2363 823 2444 imaginationis
846 2363 993 2438 sunt,·in
1016 2381 1143 2446 genere
1167 2364 1385 2446 cognitiones

264 2470 300 2524 et
323 2460 487 2523 scientiae
516 2477 594 2520 cum
622 2457 756 2520 illarum
783 2457 941 2538 jucundis
968 2467 1004 2522 et
1030 2459 1194 2534 amoenis,
1219 2468 1384 2542 quantum

265 2554 400 2638 sapiunt
419 2574 464 2617 ex
484 2553 623 2628 mundo,
644 2561 717 2616 turn
742 2551 856 2632 plures
875 2551 1075 2633 voluptates
1094 2572 1180 2635 quae
1203 2563 1282 2616 sunt
1305 2571 1384 2617 sen·

264 2647 408 2713 sualium
431 2648 602 2729 corporis;
636 2646 773 2729 insuper
796 2646 901 2710 etiam
929 2645 993 2728 ipsi
1022 2667 1153 2722 sensus,
1177 2645 1325 2730 loquela,
1348 2657 1385 2714 et

264 2745 440 2808 actiones:
467 2742 527 2804 illa
550 2741 665 2806 omnia
687 2741 793 2804 etiam
817 2749 898 2804 sunt
922 2739 1053 2816 ultima,
1078 2741 1112 2804 in
1142 2761 1229 2824 quae
1259 2743 1384 2806 desinit

264 2838 411 2902 influxus
430 2837 574 2901 Divinus
594 2829 744 2910 Domini,
764 2855 844 2899 nam
863 2835 921 2898 ille
941 2855 1010 2899 non
1030 2835 1240 2904 subsistitin
1259 2839 1383 2908 medio,

264 2933 325 2997 sed
347 2933 460 3016 pergit
483 2931 527 2994 ad
551 2951 612 2993 sua
630 2930 760 2993 ultima.
807 2929 864 2992 Ex
887 2929 940 2992 his
962 2938 1121 2994 constare
1143 2941 1273 3012 potest,
1293 2933 1384 3014 quod

264 3029 297 3092 in
313 3027 449 3092 homine
466 3027 510 3090 sit
526 3024 683 3088 ultimum
700 3023 827 3087 ordinis
844 3023 979 3102 Divini;
1003 3033 1039 3087 et
1052 3025 1131 3108 quia
1146 3035 1200 3090 est
1216 3026 1383 3102 ultimum,

265 3123 354 3205 quod
378 3122 422 3184 sit
445 3120 537 3182 basis
559 3127 595 3182 et
617 3117 890 3181 fundamentum.
946 3115 1034 3199 Quia
1063 3117 1211 3182 influxus
1241 3119 1384 3182 Divinus

265 3215 403 3282 Domini
422 3233 491 3277 non
515 3213 669 3276 subsistit
692 3213 726 3276 in
751 3211 876 3288 medio,
896 3211 957 3275 sed
981 3212 1094 3293 pergit
1111 3212 1155 3275 ad
1174 3233 1234 3276 sua
1253 3213 1382 3287 ultima,

264 3323 302 3378 ut
324 3312 454 3374 dictum
477 3318 541 3381 est,
561 3317 598 3372 et
623 3308 702 3390 quia
724 3307 885 3381 medium,
906 3305 997 3388 quod
1022 3307 1157 3382 transit,
1177 3317 1231 3372 est
1251 3307 1383 3372 caelum

265 3404 468 3487 angelicum,
489 3421 528 3465 ac
559 3402 718 3463 ultimum
745 3410 800 3464 est
825 3401 914 3482 apud
945 3399 1130 3476 hominem,
1155 3410 1191 3464 et
1214 3401 1291 3484 quia
1314 3421 1383 3464 non
1425 3393 1426 3398 ’

265 3501 366 3563 datur
388 3500 630 3570 inconnexum,
651 3496 803 3578 sequitur
825 3494 917 3576 quod
941 3494 1020 3558 talis
1044 3495 1088 3558 sit
1108 3515 1220 3558 nexus
1242 3505 1278 3559 et
1301 3515 1384 3558 con·

263 3593 393 3678 junctio
416 3591 503 3654 caeli
532 3609 609 3654 curn
639 3589 789 3652 humano
815 3609 941 3670 genere
965 3599 1002 3651 ut
1025 3609 1129 3652 unum
1153 3590 1317 3653 subsistat
1341 3591 1385 3654 ab

264 3689 386 3762 altero,
405 3697 441 3750 et
465 3686 556 3767 quod
586 3683 675 3748 soret
705 3703 782 3759 cum
809 3684 959 3747 humano
986 3703 1113 3764 genere
1137 3683 1264 3766 absque
1288 3683 1385 3748 caelo

265 3785 351 3846 sicut
374 3800 451 3845 cum
474 3792 598 3843 catena
620 3779 739 3842 ablato
762 3798 860 3852 unco,
882 3787 918 3840 et
948 3796 1025 3840 cum
1048 3779 1146 3841 caelo
1169 3779 1298 3862 absque
1322 3779 1384 3844 hu·

265 3897 368 3940 mano
386 3895 513 3958 genere
531 3877 620 3938 sicut
639 3893 716 3937 curn
735 3873 839 3936 domo
858 3871 987 3954 absque
1005 3869 1284 3938 fundamentum)

655 4112 709 4168 ll¹¹
721 4122 819 4154 *W
830 4109 1003 4165 mli

321 4217 374 4290 (bb)
401 4215 491 4290 Quod
505 4215 580 4270 nihil
596 4213 706 4271 existat
722 4230 741 4270 a
755 4229 795 4274 se,
809 4213 861 4268 sed
877 4229 895 4267 a
911 4211 1003 4284 priori
1013 4227 1055 4276 se,
1069 4211 1113 4268 ita
1123 4213 1227 4268 omnia
1241 4231 1259 4268 a
1276 4213 1386 4276 Primo.

267 4287 390 4360 ecquod
404 4303 422 4342 a
435 4303 497 4359 quo
512 4288 645 4341 existunt
657 4286 749 4340 etiam
762 4283 936 4346 subsistant,
947 4293 980 4338 et
998 4283 1081 4354 quod
1095 4284 1259 4339 subsistere
1272 4285 1311 4339 sit
1321 4301 1388 4354 per-

268 4369 361 4432 petuo
372 4359 501 4413 existere
514 4359 554 4424 (n.
567 4355 644 4418 2886,
658 4355 735 4419 2888,
750 4355 827 4422 3627,
841 4353 919 4422 3628,
933 4351 1012 4422 3648,
1025 4366 1105 4424 4543,
1114 4365 1194 4422 4544,
1205 4355 1283 4420 6949,
1294 4355 1387 4423 6956).

321 4427 410 4500 Quod
432 4428 559 4484 Divinus
575 4427 651 4481 ordo
670 4441 731 4480 non
749 4425 895 4478 subsistat
914 4425 944 4477 in
964 4423 1074 4485 medio.
1087 4425 1140 4479 sed
1160 4425 1340 4480 terminetur
1357 4425 1387 4479 in

268 4499 385 4561 ultimo,
401 4515 436 4554 ac
457 4497 596 4552 ultimum
619 4505 667 4552 est
687 4497 788 4558 homo,
805 4495 847 4549 ita
867 4493 950 4566 quod
970 4493 1099 4549 Divinus
1115 4495 1191 4549 ordo
1210 4495 1389 4550 terminetur

268 4571 348 4642 apud
363 4569 515 4625 hominem
530 4566 728 4637 (n.634‚2853,
741 4565 817 4634 3632,
832 4565 907 4634 5897,
917 4565 997 4633 6239,
1008 4565 1087 4634 6451,
1098 4564 1177 4632 6465,
1189 4563 1288 4636 9216[i
1296 4565 1389 4636 92:51,

267 4642 364 4714 9217st
378 4642 468 4712 92161,
482 4641 559 4710 9824.
573 4641 652 4708 9828,
665 4637 743 4708 9836,
754 4649 832 4706 9995,
850 4649 944 4702 19944,
961 4649 1053 4704 10329,
1071 4647 1163 4704 10335,
1178 4635 1287 4703 10548).
