3408 5358
415 643 529 696 HOMO
552 644 644 698 POST
668 645 833 698 MORTEM
856 646 925 698 EST
948 647 989 697 IN
1013 647 1113 700 oum
1135 649 1262 701 SENSU.
1351 655 1410 720 291

289 815 410 895 venit;
437 826 473 882 et
496 816 587 900 quod
611 837 700 882 nunc
720 817 848 883 habeat
866 819 1027 904 quicquid
1049 821 1094 884 ad
1117 841 1215 886 usum
1237 821 1330 886 vitae
1353 843 1412 888 ae·

289 921 409 978 ternae
432 915 617 992 conducat,
638 924 674 980 et
697 915 788 998 quod
811 916 859 979 sic
883 935 952 980 non
975 917 1077 982 aliter
1099 919 1210 1000 possit
1234 919 1353 982 beatus
1376 930 1413 984 et

288 1009 371 1074 felix
391 1009 482 1090 fieri3
510 1013 561 1075 ita
582 1012 673 1096 quod
697 1013 913 1094 ignorantiae
935 1015 980 1079 sit
1003 1016 1155 1092 credere,
1173 1016 1265 1099 quod
1287 1017 1322 1080 in
1345 1016 1411 1082 hoc

288 1125 398 1189 regno
414 1129 491 1172 cum
504 1111 696 1174 remotione
712 1120 748 1174 et
762 1111 976 1192 quiescentia
988 1113 1214 1176 materialium
1231 1114 1264 1176 in
1280 1133 1411 1178 memo·

288 1205 348 1280 ria,
379 1206 612 1288 intelligentia
638 1215 780 1290 pereat;
815 1225 893 1272 cum
921 1219 1040 1272 tamen
1059 1229 1113 1272 res
1143 1211 1193 1274 ita
1225 1231 1261 1273 se
1292 1210 1410 1287 habet,

288 1302 380 1385 quod
396 1314 562 1386 quantum
579 1323 676 1368 mens
688 1304 811 1368 abduci
827 1313 944 1386 potest
964 1327 984 1369 a
1000 1306 1212 1370 sensualibus
1228 1328 1315 1391 quae
1331 1319 1412 1372 sunt

289 1401 427 1464 externi
449 1401 597 1464 hominis
621 1421 680 1466 seu
703 1404 866 1484 corporis,
887 1412 1024 1467 tantum
1043 1403 1223 1468 elevantur
1245 1404 1289 1469 ad
1312 1407 1411 1487 spiri·

288 1497 395 1562 tualia
413 1506 448 1562 ct
467 1498 642 1562 caelestia.

351 1595 457 1677 466.
492 1593 623 1676 Quales
635 1605 715 1660 sunt
732 1596 927 1672 memoriae,
941 1598 1147 1682 quandoque
1163 1600 1197 1661 in
1213 1599 1325 1663 altera
1338 1600 1412 1664 vita

289 1692 422 1756 sistitur
440 1693 626 1757 videndum
653 1695 687 1757 in
711 1693 826 1757 formis
850 1695 895 1758 ibi
917 1695 1028 1758 solum
1051 1697 1321 1777 apparentibus;
1351 1696 1411 1780 (ad

288 1789 398 1857 visum
413 1791 459 1853 ibi
475 1789 571 1872 plura
587 1793 763 1867 sistuntur,
778 1811 864 1873 quae
881 1791 1006 1874 alioqui
1021 1794 1110 1874 apud
1127 1792 1284 1857 homines
1299 1795 1411 1858 solum

288 1887 417 1951 cadunt
440 1889 474 1950 in
493 1888 589 1951 ideas
602 1887 627 1972 ε)
653 1891 817 1952 memoria
836 1891 991 1953 exterior
1013 1889 1059 1953 ibi
1081 1890 1214 1953 sistitur
1237 1893 1281 1954 ad
1303 1911 1410 1974 appa·

288 1985 434 2048 rentiam
450 1986 559 2048 instar
575 1985 664 2060 calli,
680 1987 819 2049 interior
836 1987 944 2050 instar
959 1987 1173 2050 substantiae
1186 1988 1409 2064 medullosae,

288 2081 397 2164 qualis
413 2083 447 2146 in
464 2085 604 2146 cerebro
619 2083 770 2146 humano
784 2105 792 2162 ;
816 2083 895 2147 inde
910 2104 1046 2166 quoque
1062 2085 1149 2147 scire
1164 2085 1276 2160 datur,
1293 2086 1411 2168 quales

288 2188 378 2242 sunt.
420 2177 488 2261 Qui
503 2181 537 2243 in
548 2181 621 2244 vita
637 2182 790 2261 corporis
802 2180 867 2244 soli
880 2183 1066 2244 memoriae
1079 2181 1294 2258 studuerunt,
1309 2191 1346 2246 et
1362 2183 1410 2246 sic

204 2318 206 2322 ψ
287 2278 457 2340 rationale
477 2297 573 2340 suum
593 2297 661 2340 non
681 2277 920 2354 excoluerunt,
937 2278 1114 2342 callositas
1132 2297 1249 2342 eorum
1266 2289 1411 2361 apparet

288 2373 382 2450 dura,
403 2395 442 2438 ac
465 2375 557 2438 intus
580 2376 667 2439 sicut
691 2395 736 2438 ex
760 2375 958 2439 tendinibus
977 2375 1108 2438 striata.
1152 2373 1222 2457 ‘Qui
1244 2375 1409 2457 impleve-

287 2481 366 2534 runt
386 2473 584 2536 memoriam
603 2472 821 2548 falsitatibus,
839 2481 983 2555 apparet
1002 2471 1191 2554 capillacea
1209 2483 1246 2538 et
1264 2472 1408 2550 hirsuta,

287 2578 324 2634 et
342 2569 407 2632 hoc
428 2590 473 2633 ex
490 2571 652 2651 congerie
668 2571 862 2632 inordinata
877 2588 999 2632 rerum.
1045 2567 1112 2650 Qui
1132 2569 1317 2633 memoriae
1335 2581 1409 2635 stu-

289 2665 436 2730 duerunt
456 2669 582 2730 amoris
605 2667 656 2730 sui
679 2676 715 2730 et
739 2667 856 2729 mundi
875 2685 988 2742 causa,
1008 2675 1152 2748 apparet
1169 2667 1410 2748 conglutinata

288 2783 328 2828 ac
352 2763 535 2828 ossificata.
581 2761 648 2845 Qui
679 2783 739 2846 per
762 2762 961 2840 scientifica,
985 2763 1151 2844 imprimis
1174 2783 1235 2846 per
1256 2763 1409 2847 philoso-

288 2859 401 2942 phica,
425 2861 459 2924 in
488 2881 613 2924 arcana
643 2859 768 2924 Divina
797 2869 978 2944 penetrare
1007 2859 1200 2936 voluerunt,
1224 2880 1287 2924 nec
1317 2862 1410 2942 prius

289 2959 430 3022 credere
459 2977 561 3040 quam
591 2977 669 3022 cum
699 2978 759 3039 per
788 2957 848 3021 illa
880 2957 1180 3040 persuaderentur,
1212 2959 1301 3040 apud
1331 2958 1409 3022 illos

287 3065 432 3138 apparet
455 3056 621 3119 memoria
643 3055 872 3130 tenebricosa,
897 3075 984 3138 quae
1014 3053 1094 3118 talis
1117 3064 1260 3118 naturae
1283 3065 1347 3129 est,
1372 3065 1409 3119 ut

287 3153 401 3216 radios
421 3151 505 3215 lucis
524 3152 720 3228 absorbeat,
741 3161 777 3216 et
796 3151 830 3214 in
849 3151 1011 3214 tenebras
1029 3159 1154 3214 vertat.
1199 3148 1266 3231 Qui
1284 3151 1408 3227 dolosi,

288 3259 325 3314 et
347 3249 550 3330 hypocritae
573 3249 718 3324 suerunt,
742 3247 832 3330 apud
856 3247 934 3310 illos
953 3256 1098 3328 apparet
1121 3244 1181 3308 illa
1203 3247 1285 3309 dure
1309 3267 1410 3310 ossea

287 3346 376 3409 sicut
396 3343 582 3421 ¹¹¹eburnea,
602 3365 688 3428 quae
707 3341 852 3408 relledtit
870 3343 985 3406 radios
1004 3341 1098 3406 lucis.
1145 3340 1212 3423 Qui
1235 3351 1351 3406 autern
1375 3344 1408 3405 in

288 3439 381 3504 bono
403 3443 529 3504 amoris
552 3449 588 3504 et
618 3441 707 3502 veris
730 3437 808 3502 fidei
829 3437 976 3514 suerunt,
1000 3436 1091 3519 apud
1114 3457 1174 3500 eos
1197 3437 1278 3500 talis
1301 3437 1409 3500 callus

289 3554 358 3599 non
387 3545 543 3619 apparet,
567 3533 646 3618 quia
674 3533 839 3598 memoria
868 3551 985 3596 eorum
1015 3531 1158 3594 interior
1186 3529 1272 3594 lucis
1294 3531 1409 3595 radios

288 3633 496 3696 transmittit
514 3634 548 3695 in
568 3631 790 3716 exteriorem,
807 3631 839 3693 in
860 3627 953 3712 cujus
969 3625 1112 3710 objectis
1131 3648 1191 3690 seu
1207 3627 1303 3702 ideis,
1321 3629 1408 3693 sicut

288 3729 322 3792 in
345 3751 407 3794 sua
428 3731 502 3794 basi
524 3739 583 3794 aut
607 3730 695 3792 sicut
718 3727 752 3790 in
775 3747 837 3790 sua
859 3725 976 3803 humo,
996 3725 1080 3788 radii
1103 3725 1343 3802 terminantur,
1368 3746 1407 3788 ac

288 3827 334 3892 ibi
351 3828 515 3891 deliciosa
528 3824 748 3908 receptacula
762 3824 941 3887 inveniunt
954 3843 962 3902 ;
986 3842 1065 3886 nam
1079 3822 1244 3886 memoria
1256 3822 1411 3886 exterior

288 3935 342 3990 est
359 3925 517 3990 ultimum
533 3925 672 3998 ordinis,
689 3924 723 3986 in
739 3941 807 4004 quo
822 3919 1011 4003 spiritualia
1026 3929 1062 3984 et
1079 3919 1243 3984 caelestia
1259 3917 1410 3983 molliter

288 4025 516 4088 terminantur
533 4031 570 4086 et
588 4021 753 4096 resident,
773 4020 912 4101 quando
931 4019 978 4082 ibi
995 4018 1087 4082 bona
1105 4027 1141 4080 et
1160 4036 1251 4083 vera.

350 4121 453 4206 467.
486 4118 655 4182 Homines
673 4137 751 4180 cum
767 4117 886 4180 vivunt
905 4117 938 4178 in
957 4115 1097 4190 mundo,
1114 4113 1171 4196 qui
1189 4113 1223 4177 in
1239 4133 1355 4178 amore
1375 4113 1408 4176 in

289 4217 475 4281 Dominum
495 4225 531 4280 et
549 4217 583 4279 in
602 4215 772 4278 charitate
788 4234 871 4296 erga
888 4214 1083 4295 proximum
1099 4220 1190 4286 sunt,
1207 4211 1296 4293 apud
1317 4231 1353 4274 se
1372 4222 1409 4276 et

288 4315 322 4378 in
345 4335 383 4378 se
399 4313 531 4378 habent
549 4312 817 4394 intelligentiam
831 4320 873 4375 et
896 4309 1102 4392 sapientiam
1120 4307 1326 4390 angelicam,
1347 4309 1408 4372 sed

288 4412 504 4476 reconditam
536 4412 571 4475 in
599 4409 729 4474 intimis
758 4427 875 4474 eorum
905 4407 1090 4472 memoriae
1117 4405 1299 4480 interioris,
1323 4426 1409 4488 quae

288 4509 522 4592 intelligentia
550 4517 587 4573 et
616 4506 784 4592 sapientia
811 4505 861 4570 eis
891 4521 1058 4587 nusquam
1081 4521 1247 4585 apparere
1276 4511 1408 4584 potest,

289 4610 483 4692 priusquam
502 4625 667 4689 corporea
685 4613 818 4670 exuunt
834 4625 843 4683 ;
870 4611 952 4666 tunc
977 4601 1142 4665 memoria
1160 4599 1326 4664 naturalis
1353 4619 1409 4667 so·
