<?xml version="1.0" encoding="UTF-8"?>
<!DOCTYPE html PUBLIC "-//W3C//DTD XHTML 1.0 Transitional//EN"
    "http://www.w3.org/TR/xhtml1/DTD/xhtml1-transitional.dtd">
<html xmlns="http://www.w3.org/1999/xhtml" xml:lang="en" lang="en">
 <head>
  <title>
</title>
<meta http-equiv="Content-Type" content="text/html;charset=utf-8" />
  <meta name='ocr-system' content='tesseract 3.04.00' />
  <meta name='ocr-capabilities' content='ocr_page ocr_carea ocr_par ocr_line ocrx_word'/>
</head>
<body>
  <div class='ocr_page' id='page_1' title='image "./decaeloetejusmi00swedgoog_0158.png"; bbox 0 0 3382 5358; ppageno 0'>
   <div class='ocr_carea' id='block_1_1' title="bbox 482 640 1413 712">
    <p class='ocr_par' dir='ltr' id='par_1_1' title="bbox 482 640 1413 712">
     <span class='ocr_line' id='line_1_1' title="bbox 482 640 1413 712; baseline 0.002 -20"><span class='ocrx_word' id='word_1_1' title='bbox 482 641 534 692; x_wconf 78' lang='lat' dir='ltr'>DE</span> <span class='ocrx_word' id='word_1_2' title='bbox 557 640 762 692; x_wconf 78' lang='lat' dir='ltr'>SAPIENTIA</span> <span class='ocrx_word' id='word_1_3' title='bbox 785 641 1026 694; x_wconf 75' lang='lat' dir='ltr'>ANGELORUM</span> <span class='ocrx_word' id='word_1_4' title='bbox 1049 641 1175 694; x_wconf 83' lang='lat' dir='ltr'><strong>CAELI.</strong></span> <span class='ocrx_word' id='word_1_5' title='bbox 1355 641 1413 712; x_wconf 81' lang='lat'>151</span> 
     </span>
    </p>
   </div>
   <div class='ocr_carea' id='block_1_2' title="bbox 218 810 1415 2418">
    <p class='ocr_par' dir='ltr' id='par_1_2' title="bbox 218 810 1415 2418">
     <span class='ocr_line' id='line_1_2' title="bbox 293 810 1414 896; baseline 0.002 -18"><span class='ocrx_word' id='word_1_6' title='bbox 293 831 406 895; x_wconf 80' lang='lat' dir='ltr'>supra,</span> <span class='ocrx_word' id='word_1_7' title='bbox 427 831 459 876; x_wconf 94' lang='lat' dir='ltr'>n.</span> <span class='ocrx_word' id='word_1_8' title='bbox 486 810 656 896; x_wconf 80' lang='lat'>126-133.)</span> <span class='ocrx_word' id='word_1_9' title='bbox 702 811 789 878; x_wconf 88' lang='lat' dir='ltr'>Sunt</span> <span class='ocrx_word' id='word_1_10' title='bbox 808 813 913 876; x_wconf 90' lang='lat' dir='ltr'>etiam</span> <span class='ocrx_word' id='word_1_11' title='bbox 933 813 1048 896; x_wconf 83' lang='lat' dir='ltr'>angeli</span> <span class='ocrx_word' id='word_1_12' title='bbox 1071 813 1105 878; x_wconf 92' lang='lat' dir='ltr'>in</span> <span class='ocrx_word' id='word_1_13' title='bbox 1128 813 1270 880; x_wconf 87' lang='lat' dir='ltr'>caelesti</span> <span class='ocrx_word' id='word_1_14' title='bbox 1289 813 1414 893; x_wconf 90' lang='lat' dir='ltr'>calore,</span> 
     </span>
     <span class='ocr_line' id='line_1_3' title="bbox 294 907 1413 991; baseline 0.004 -19"><span class='ocrx_word' id='word_1_15' title='bbox 294 909 351 991; x_wconf 93' lang='lat' dir='ltr'>qui</span> <span class='ocrx_word' id='word_1_16' title='bbox 374 909 408 972; x_wconf 92' lang='lat' dir='ltr'>in</span> <span class='ocrx_word' id='word_1_17' title='bbox 424 927 485 972; x_wconf 92' lang='lat' dir='ltr'>sua</span> <span class='ocrx_word' id='word_1_18' title='bbox 499 909 650 972; x_wconf 84' lang='lat' dir='ltr'>essentia</span> <span class='ocrx_word' id='word_1_19' title='bbox 665 917 719 974; x_wconf 91' lang='lat' dir='ltr'>est</span> <span class='ocrx_word' id='word_1_20' title='bbox 736 907 897 972; x_wconf 92' lang='lat' dir='ltr'>Divinum</span> <span class='ocrx_word' id='word_1_21' title='bbox 913 907 1046 973; x_wconf 90' lang='lat' dir='ltr'>Bonum</span> <span class='ocrx_word' id='word_1_22' title='bbox 1063 929 1122 974; x_wconf 90' lang='lat' dir='ltr'>seu</span> <span class='ocrx_word' id='word_1_23' title='bbox 1138 909 1280 974; x_wconf 90' lang='lat' dir='ltr'>Divinus</span> <span class='ocrx_word' id='word_1_24' title='bbox 1293 909 1413 987; x_wconf 88' lang='lat' dir='ltr'>Amor,</span> 
     </span>
     <span class='ocr_line' id='line_1_4' title="bbox 294 1000 1415 1089; baseline 0.003 -22"><span class='ocrx_word' id='word_1_25' title='bbox 294 1023 340 1067; x_wconf 87' lang='lat' dir='ltr'>ex</span> <span class='ocrx_word' id='word_1_26' title='bbox 370 1023 437 1086; x_wconf 94' lang='lat' dir='ltr'>quo</span> <span class='ocrx_word' id='word_1_27' title='bbox 460 1002 528 1066; x_wconf 91' lang='lat' dir='ltr'>illis</span> <span class='ocrx_word' id='word_1_28' title='bbox 550 1000 685 1067; x_wconf 72' lang='lat' dir='ltr'>affedtio</span> <span class='ocrx_word' id='word_1_29' title='bbox 714 1013 750 1068; x_wconf 92' lang='lat' dir='ltr'>et</span> <span class='ocrx_word' id='word_1_30' title='bbox 779 1003 986 1067; x_wconf 88' lang='lat' dir='ltr'>desiderium</span> <span class='ocrx_word' id='word_1_31' title='bbox 1010 1005 1163 1086; x_wconf 88' lang='lat' dir='ltr'>sapiendi</span> <span class='ocrx_word' id='word_1_32' title='bbox 1186 1015 1250 1070; x_wconf 92' lang='lat' dir='ltr'>est.</span> <span class='ocrx_word' id='word_1_33' title='bbox 1298 1003 1415 1089; x_wconf 85' lang='lat' dir='ltr'>(Quod</span> 
     </span>
     <span class='ocr_line' id='line_1_5' title="bbox 293 1097 1414 1176; baseline 0.004 -14"><span class='ocrx_word' id='word_1_34' title='bbox 293 1097 387 1163; x_wconf 89' lang='lat' dir='ltr'>calor</span> <span class='ocrx_word' id='word_1_35' title='bbox 405 1097 492 1164; x_wconf 89' lang='lat' dir='ltr'>caeli</span> <span class='ocrx_word' id='word_1_36' title='bbox 514 1099 560 1163; x_wconf 90' lang='lat' dir='ltr'>sit</span> <span class='ocrx_word' id='word_1_37' title='bbox 583 1098 744 1162; x_wconf 88' lang='lat' dir='ltr'>Divinum</span> <span class='ocrx_word' id='word_1_38' title='bbox 764 1097 897 1162; x_wconf 93' lang='lat' dir='ltr'>Bonum</span> <span class='ocrx_word' id='word_1_39' title='bbox 916 1119 975 1162; x_wconf 90' lang='lat' dir='ltr'>seu</span> <span class='ocrx_word' id='word_1_40' title='bbox 994 1099 1138 1164; x_wconf 91' lang='lat' dir='ltr'>Divinus</span> <span class='ocrx_word' id='word_1_41' title='bbox 1157 1097 1278 1176; x_wconf 88' lang='lat' dir='ltr'>Amor,</span> <span class='ocrx_word' id='word_1_42' title='bbox 1297 1103 1414 1166; x_wconf 91' lang='lat' dir='ltr'>videa-</span> 
     </span>
     <span class='ocr_line' id='line_1_6' title="bbox 294 1191 1413 1278; baseline 0.004 -20"><span class='ocrx_word' id='word_1_43' title='bbox 294 1203 350 1258; x_wconf 89' lang='lat' dir='ltr'>tur</span> <span class='ocrx_word' id='word_1_44' title='bbox 378 1213 490 1276; x_wconf 90' lang='lat' dir='ltr'>supra,</span> <span class='ocrx_word' id='word_1_45' title='bbox 515 1211 547 1256; x_wconf 92' lang='lat' dir='ltr'>n.</span> <span class='ocrx_word' id='word_1_46' title='bbox 580 1191 750 1276; x_wconf 88' lang='lat'>133-140.)</span> <span class='ocrx_word' id='word_1_47' title='bbox 798 1191 900 1274; x_wconf 87' lang='lat' dir='ltr'>Quod</span> <span class='ocrx_word' id='word_1_48' title='bbox 932 1194 1047 1276; x_wconf 85' lang='lat' dir='ltr'>angeli</span> <span class='ocrx_word' id='word_1_49' title='bbox 1075 1195 1109 1258; x_wconf 91' lang='lat' dir='ltr'>in</span> <span class='ocrx_word' id='word_1_50' title='bbox 1134 1197 1304 1278; x_wconf 83' lang='lat' dir='ltr'>sapientia</span> <span class='ocrx_word' id='word_1_51' title='bbox 1333 1195 1413 1271; x_wconf 87' lang='lat' dir='ltr'>sint,</span> 
     </span>
     <span class='ocr_line' id='line_1_7' title="bbox 293 1287 1413 1372; baseline 0.004 -20"><span class='ocrx_word' id='word_1_52' title='bbox 293 1288 381 1353; x_wconf 88' lang='lat' dir='ltr'>adeo</span> <span class='ocrx_word' id='word_1_53' title='bbox 408 1299 446 1352; x_wconf 93' lang='lat' dir='ltr'>ut</span> <span class='ocrx_word' id='word_1_54' title='bbox 473 1287 540 1352; x_wconf 89' lang='lat' dir='ltr'>dici</span> <span class='ocrx_word' id='word_1_55' title='bbox 567 1298 696 1371; x_wconf 86' lang='lat' dir='ltr'>queant</span> <span class='ocrx_word' id='word_1_56' title='bbox 724 1287 931 1370; x_wconf 87' lang='lat' dir='ltr'>Sapientiae,</span> <span class='ocrx_word' id='word_1_57' title='bbox 960 1289 1118 1353; x_wconf 91' lang='lat' dir='ltr'>concludi</span> <span class='ocrx_word' id='word_1_58' title='bbox 1145 1299 1260 1372; x_wconf 88' lang='lat' dir='ltr'>potest</span> <span class='ocrx_word' id='word_1_59' title='bbox 1288 1313 1333 1355; x_wconf 85' lang='lat' dir='ltr'>ex</span> <span class='ocrx_word' id='word_1_60' title='bbox 1361 1313 1413 1365; x_wconf 89' lang='lat' dir='ltr'>eo,</span> 
     </span>
     <span class='ocr_line' id='line_1_8' title="bbox 293 1381 1413 1466; baseline 0.004 -20"><span class='ocrx_word' id='word_1_61' title='bbox 293 1382 385 1466; x_wconf 94' lang='lat' dir='ltr'>quod</span> <span class='ocrx_word' id='word_1_62' title='bbox 408 1403 529 1446; x_wconf 90' lang='lat' dir='ltr'>omnes</span> <span class='ocrx_word' id='word_1_63' title='bbox 551 1403 668 1446; x_wconf 91' lang='lat' dir='ltr'>eorum</span> <span class='ocrx_word' id='word_1_64' title='bbox 693 1384 925 1465; x_wconf 85' lang='lat' dir='ltr'>cogitationes</span> <span class='ocrx_word' id='word_1_65' title='bbox 949 1393 984 1448; x_wconf 91' lang='lat' dir='ltr'>et</span> <span class='ocrx_word' id='word_1_66' title='bbox 1011 1381 1208 1448; x_wconf 71' lang='lat' dir='ltr'>affedtiones</span> <span class='ocrx_word' id='word_1_67' title='bbox 1230 1381 1336 1450; x_wconf 91' lang='lat' dir='ltr'>fluant</span> <span class='ocrx_word' id='word_1_68' title='bbox 1360 1407 1413 1451; x_wconf 89' lang='lat' dir='ltr'>se·</span> 
     </span>
     <span class='ocr_line' id='line_1_9' title="bbox 293 1477 1414 1560; baseline 0.005 -20"><span class='ocrx_word' id='word_1_69' title='bbox 293 1477 442 1541; x_wconf 91' lang='lat' dir='ltr'>cundum</span> <span class='ocrx_word' id='word_1_70' title='bbox 461 1477 605 1542; x_wconf 81' lang='lat' dir='ltr'>sormam</span> <span class='ocrx_word' id='word_1_71' title='bbox 625 1477 821 1555; x_wconf 90' lang='lat' dir='ltr'>caelestem,</span> <span class='ocrx_word' id='word_1_72' title='bbox 840 1499 926 1560; x_wconf 84' lang='lat' dir='ltr'>quae</span> <span class='ocrx_word' id='word_1_73' title='bbox 944 1479 1053 1544; x_wconf 85' lang='lat' dir='ltr'>forma</span> <span class='ocrx_word' id='word_1_74' title='bbox 1071 1490 1125 1544; x_wconf 93' lang='lat' dir='ltr'>est</span> <span class='ocrx_word' id='word_1_75' title='bbox 1144 1481 1251 1544; x_wconf 89' lang='lat' dir='ltr'>forma</span> <span class='ocrx_word' id='word_1_76' title='bbox 1270 1481 1414 1546; x_wconf 91' lang='lat' dir='ltr'>Divinae</span> 
     </span>
     <span class='ocr_line' id='line_1_10' title="bbox 292 1569 1413 1660; baseline 0.004 -23"><span class='ocrx_word' id='word_1_77' title='bbox 292 1569 502 1656; x_wconf 88' lang='lat' dir='ltr'>Sapientiae,</span> <span class='ocrx_word' id='word_1_78' title='bbox 531 1582 567 1637; x_wconf 91' lang='lat' dir='ltr'>et</span> <span class='ocrx_word' id='word_1_79' title='bbox 600 1573 691 1655; x_wconf 92' lang='lat' dir='ltr'>quod</span> <span class='ocrx_word' id='word_1_80' title='bbox 724 1573 887 1638; x_wconf 90' lang='lat' dir='ltr'>interiora</span> <span class='ocrx_word' id='word_1_81' title='bbox 918 1573 1064 1651; x_wconf 91' lang='lat' dir='ltr'>illorum,</span> <span class='ocrx_word' id='word_1_82' title='bbox 1093 1597 1179 1658; x_wconf 91' lang='lat' dir='ltr'>quae</span> <span class='ocrx_word' id='word_1_83' title='bbox 1210 1577 1413 1660; x_wconf 89' lang='lat' dir='ltr'>sapientiam</span> 
     </span>
     <span class='ocr_line' id='line_1_11' title="bbox 293 1666 1413 1755; baseline 0.005 -24"><span class='ocrx_word' id='word_1_84' title='bbox 293 1669 472 1752; x_wconf 90' lang='lat' dir='ltr'>recipiunt,</span> <span class='ocrx_word' id='word_1_85' title='bbox 492 1669 537 1732; x_wconf 91' lang='lat' dir='ltr'>ad</span> <span class='ocrx_word' id='word_1_86' title='bbox 556 1666 650 1732; x_wconf 91' lang='lat' dir='ltr'>illam</span> <span class='ocrx_word' id='word_1_87' title='bbox 668 1667 811 1732; x_wconf 84' lang='lat' dir='ltr'>sormam</span> <span class='ocrx_word' id='word_1_88' title='bbox 832 1669 1026 1752; x_wconf 90' lang='lat' dir='ltr'>composita</span> <span class='ocrx_word' id='word_1_89' title='bbox 1044 1670 1123 1734; x_wconf 91' lang='lat' dir='ltr'>sint.</span> <span class='ocrx_word' id='word_1_90' title='bbox 1170 1669 1287 1754; x_wconf 82' lang='lat' dir='ltr'>(Quod</span> <span class='ocrx_word' id='word_1_91' title='bbox 1306 1693 1413 1755; x_wconf 89' lang='lat' dir='ltr'>ange·</span> 
     </span>
     <span class='ocr_line' id='line_1_12' title="bbox 292 1761 1413 1845; baseline 0.004 -18"><span class='ocrx_word' id='word_1_92' title='bbox 292 1761 402 1827; x_wconf 92' lang='lat' dir='ltr'>lorum</span> <span class='ocrx_word' id='word_1_93' title='bbox 421 1763 653 1845; x_wconf 88' lang='lat' dir='ltr'>cogitationes</span> <span class='ocrx_word' id='word_1_94' title='bbox 672 1773 708 1827; x_wconf 92' lang='lat' dir='ltr'>et</span> <span class='ocrx_word' id='word_1_95' title='bbox 727 1761 924 1828; x_wconf 70' lang='lat' dir='ltr'>afiedtiones</span> <span class='ocrx_word' id='word_1_96' title='bbox 942 1763 1048 1828; x_wconf 89' lang='lat' dir='ltr'>fluant</span> <span class='ocrx_word' id='word_1_97' title='bbox 1068 1766 1255 1829; x_wconf 91' lang='lat' dir='ltr'>secundum</span> <span class='ocrx_word' id='word_1_98' title='bbox 1270 1765 1413 1832; x_wconf 87' lang='lat' dir='ltr'>formam</span> 
     </span>
     <span class='ocr_line' id='line_1_13' title="bbox 292 1859 1414 1942; baseline 0.004 -20"><span class='ocrx_word' id='word_1_99' title='bbox 292 1859 391 1935; x_wconf 90' lang='lat' dir='ltr'>caeli,</span> <span class='ocrx_word' id='word_1_100' title='bbox 416 1859 558 1942; x_wconf 87' lang='lat' dir='ltr'>proinde</span> <span class='ocrx_word' id='word_1_101' title='bbox 582 1859 687 1922; x_wconf 93' lang='lat' dir='ltr'>etiam</span> <span class='ocrx_word' id='word_1_102' title='bbox 710 1859 943 1942; x_wconf 87' lang='lat' dir='ltr'>intelligentia</span> <span class='ocrx_word' id='word_1_103' title='bbox 965 1869 1001 1924; x_wconf 93' lang='lat' dir='ltr'>et</span> <span class='ocrx_word' id='word_1_104' title='bbox 1024 1862 1192 1942; x_wconf 91' lang='lat' dir='ltr'>sapientia</span> <span class='ocrx_word' id='word_1_105' title='bbox 1215 1882 1343 1938; x_wconf 90' lang='lat' dir='ltr'>eorum,</span> <span class='ocrx_word' id='word_1_106' title='bbox 1363 1865 1414 1927; x_wconf 91' lang='lat' dir='ltr'>vi-</span> 
     </span>
     <span class='ocr_line' id='line_1_14' title="bbox 294 1953 1413 2040; baseline 0.005 -24"><span class='ocrx_word' id='word_1_107' title='bbox 294 1955 417 2018; x_wconf 90' lang='lat' dir='ltr'>deatur</span> <span class='ocrx_word' id='word_1_108' title='bbox 440 1975 551 2037; x_wconf 92' lang='lat' dir='ltr'>supra,</span> <span class='ocrx_word' id='word_1_109' title='bbox 573 1975 605 2018; x_wconf 92' lang='lat' dir='ltr'>n.</span> <span class='ocrx_word' id='word_1_110' title='bbox 629 1953 804 2038; x_wconf 84' lang='lat'>201-212.)</span> <span class='ocrx_word' id='word_1_111' title='bbox 851 1953 952 2036; x_wconf 86' lang='lat' dir='ltr'>Quod</span> <span class='ocrx_word' id='word_1_112' title='bbox 972 1957 1229 2037; x_wconf 91' lang='lat' dir='ltr'>supereminens</span> <span class='ocrx_word' id='word_1_113' title='bbox 1248 1957 1413 2040; x_wconf 91' lang='lat' dir='ltr'>sapientia</span> 
     </span>
     <span class='ocr_line' id='line_1_15' title="bbox 293 2049 1414 2136; baseline 0.005 -23"><span class='ocrx_word' id='word_1_114' title='bbox 293 2051 338 2114; x_wconf 89' lang='lat' dir='ltr'>sit</span> <span class='ocrx_word' id='word_1_115' title='bbox 367 2049 510 2132; x_wconf 85' lang='lat' dir='ltr'>angelis,</span> <span class='ocrx_word' id='word_1_116' title='bbox 535 2051 639 2114; x_wconf 88' lang='lat' dir='ltr'>etiam</span> <span class='ocrx_word' id='word_1_117' title='bbox 670 2061 830 2114; x_wconf 87' lang='lat' dir='ltr'>constare</span> <span class='ocrx_word' id='word_1_118' title='bbox 861 2060 978 2132; x_wconf 89' lang='lat' dir='ltr'>potest</span> <span class='ocrx_word' id='word_1_119' title='bbox 1007 2072 1052 2114; x_wconf 86' lang='lat' dir='ltr'>ex</span> <span class='ocrx_word' id='word_1_120' title='bbox 1082 2073 1135 2128; x_wconf 94' lang='lat' dir='ltr'>eo,</span> <span class='ocrx_word' id='word_1_121' title='bbox 1156 2053 1247 2136; x_wconf 91' lang='lat' dir='ltr'>quod</span> <span class='ocrx_word' id='word_1_122' title='bbox 1278 2053 1414 2136; x_wconf 90' lang='lat' dir='ltr'>loquela</span> 
     </span>
     <span class='ocr_line' id='line_1_16' title="bbox 292 2144 1414 2228; baseline 0.004 -18"><span class='ocrx_word' id='word_1_123' title='bbox 292 2165 409 2210; x_wconf 89' lang='lat' dir='ltr'>eorum</span> <span class='ocrx_word' id='word_1_124' title='bbox 439 2145 485 2209; x_wconf 84' lang='lat' dir='ltr'>sit</span> <span class='ocrx_word' id='word_1_125' title='bbox 515 2145 705 2226; x_wconf 87' lang='lat' dir='ltr'>sapientiae</span> <span class='ocrx_word' id='word_1_126' title='bbox 735 2144 882 2228; x_wconf 89' lang='lat' dir='ltr'>loquela,</span> <span class='ocrx_word' id='word_1_127' title='bbox 907 2145 979 2208; x_wconf 89' lang='lat' dir='ltr'>fluit</span> <span class='ocrx_word' id='word_1_128' title='bbox 1009 2145 1099 2208; x_wconf 91' lang='lat' dir='ltr'>enim</span> <span class='ocrx_word' id='word_1_129' title='bbox 1129 2147 1188 2210; x_wconf 90' lang='lat' dir='ltr'>illa</span> <span class='ocrx_word' id='word_1_130' title='bbox 1217 2148 1414 2214; x_wconf 90' lang='lat' dir='ltr'>immediate</span> 
     </span>
     <span class='ocr_line' id='line_1_17' title="bbox 218 2237 1413 2323; baseline 0.004 -20"><span class='ocrx_word' id='word_1_131' title='bbox 218 2267 222 2276; x_wconf 54' lang='lat'><strong>⁴</strong></span> <span class='ocrx_word' id='word_1_132' title='bbox 293 2237 356 2304; x_wconf 84' lang='lat' dir='ltr'>¹¹¹et</span> <span class='ocrx_word' id='word_1_133' title='bbox 373 2250 498 2323; x_wconf 90' lang='lat' dir='ltr'>sponte</span> <span class='ocrx_word' id='word_1_134' title='bbox 521 2261 567 2304; x_wconf 87' lang='lat' dir='ltr'>ex</span> <span class='ocrx_word' id='word_1_135' title='bbox 587 2241 812 2322; x_wconf 90' lang='lat' dir='ltr'>cogitatione,</span> <span class='ocrx_word' id='word_1_136' title='bbox 830 2249 865 2305; x_wconf 92' lang='lat' dir='ltr'>et</span> <span class='ocrx_word' id='word_1_137' title='bbox 884 2239 969 2304; x_wconf 88' lang='lat' dir='ltr'>haec</span> <span class='ocrx_word' id='word_1_138' title='bbox 985 2261 1030 2304; x_wconf 84' lang='lat' dir='ltr'>ex</span> <span class='ocrx_word' id='word_1_139' title='bbox 1047 2239 1224 2306; x_wconf 71' lang='lat' dir='ltr'>affettione</span> <span class='ocrx_word' id='word_1_140' title='bbox 1240 2244 1288 2307; x_wconf 92' lang='lat' dir='ltr'>sic</span> <span class='ocrx_word' id='word_1_141' title='bbox 1305 2254 1342 2308; x_wconf 86' lang='lat' dir='ltr'>ut</span> <span class='ocrx_word' id='word_1_142' title='bbox 1361 2244 1413 2308; x_wconf 92' lang='lat' dir='ltr'>lo·</span> 
     </span>
     <span class='ocr_line' id='line_1_18' title="bbox 293 2331 1414 2418; baseline 0.005 -20"><span class='ocrx_word' id='word_1_143' title='bbox 293 2335 394 2417; x_wconf 88' lang='lat' dir='ltr'>quela</span> <span class='ocrx_word' id='word_1_144' title='bbox 412 2355 529 2398; x_wconf 92' lang='lat' dir='ltr'>eorum</span> <span class='ocrx_word' id='word_1_145' title='bbox 549 2337 594 2398; x_wconf 92' lang='lat' dir='ltr'>sit</span> <span class='ocrx_word' id='word_1_146' title='bbox 610 2336 778 2418; x_wconf 84' lang='lat' dir='ltr'>cogitatio</span> <span class='ocrx_word' id='word_1_147' title='bbox 786 2331 857 2398; x_wconf 80' lang='lat' dir='ltr'>¹¹¹ex</span> <span class='ocrx_word' id='word_1_148' title='bbox 874 2331 1053 2400; x_wconf 68' lang='lat' dir='ltr'>affectione</span> <span class='ocrx_word' id='word_1_149' title='bbox 1070 2337 1103 2400; x_wconf 92' lang='lat' dir='ltr'>in</span> <span class='ocrx_word' id='word_1_150' title='bbox 1122 2336 1230 2400; x_wconf 82' lang='lat' dir='ltr'>forma</span> <span class='ocrx_word' id='word_1_151' title='bbox 1248 2348 1414 2418; x_wconf 85' lang='lat' dir='ltr'>externa;</span> 
     </span>
    </p>
   </div>
   <div class='ocr_carea' id='block_1_3' title="bbox 292 2429 1508 2513">
    <p class='ocr_par' dir='ltr' id='par_1_3' title="bbox 292 2429 1508 2513">
     <span class='ocr_line' id='line_1_19' title="bbox 292 2429 1508 2513; baseline 0.006 -21"><span class='ocrx_word' id='word_1_152' title='bbox 292 2429 372 2493; x_wconf 92' lang='lat' dir='ltr'>inde</span> <span class='ocrx_word' id='word_1_153' title='bbox 388 2441 443 2494; x_wconf 89' lang='lat' dir='ltr'>est</span> <span class='ocrx_word' id='word_1_154' title='bbox 459 2431 551 2513; x_wconf 91' lang='lat' dir='ltr'>quod</span> <span class='ocrx_word' id='word_1_155' title='bbox 568 2429 651 2494; x_wconf 92' lang='lat' dir='ltr'>nihil</span> <span class='ocrx_word' id='word_1_156' title='bbox 669 2450 729 2494; x_wconf 91' lang='lat' dir='ltr'>eos</span> <span class='ocrx_word' id='word_1_157' title='bbox 745 2429 789 2494; x_wconf 91' lang='lat' dir='ltr'>ab</span> <span class='ocrx_word' id='word_1_158' title='bbox 805 2429 934 2494; x_wconf 87' lang='lat' dir='ltr'>influxu</span> <span class='ocrx_word' id='word_1_159' title='bbox 950 2429 1077 2494; x_wconf 91' lang='lat' dir='ltr'>Divino</span> <span class='ocrx_word' id='word_1_160' title='bbox 1092 2431 1283 2508; x_wconf 88' lang='lat' dir='ltr'>abstrahat,</span> <span class='ocrx_word' id='word_1_161' title='bbox 1298 2443 1333 2498; x_wconf 90' lang='lat' dir='ltr'>et</span> <span class='ocrx_word' id='word_1_162' title='bbox 1344 2454 1412 2498; x_wconf 93' lang='lat' dir='ltr'>non</span> <span class='ocrx_word' id='word_1_163' title='bbox 1506 2503 1508 2508; x_wconf 70' lang='grc'>,</span> 
     </span>
    </p>
   </div>
   <div class='ocr_carea' id='block_1_4' title="bbox 228 2523 1414 4700">
    <p class='ocr_par' dir='ltr' id='par_1_4' title="bbox 228 2523 1414 4700">
     <span class='ocr_line' id='line_1_20' title="bbox 228 2523 1414 2610; baseline 0.003 -20"><span class='ocrx_word' id='word_1_164' title='bbox 228 2581 231 2590; x_wconf 97' lang='grc'>.</span> <span class='ocrx_word' id='word_1_165' title='bbox 292 2523 419 2606; x_wconf 87' lang='lat' dir='ltr'>aliquid</span> <span class='ocrx_word' id='word_1_166' title='bbox 442 2535 637 2600; x_wconf 87' lang='lat' dir='ltr'>externum,</span> <span class='ocrx_word' id='word_1_167' title='bbox 662 2525 753 2608; x_wconf 92' lang='lat' dir='ltr'>quod</span> <span class='ocrx_word' id='word_1_168' title='bbox 776 2525 866 2607; x_wconf 91' lang='lat' dir='ltr'>apud</span> <span class='ocrx_word' id='word_1_169' title='bbox 889 2524 1065 2588; x_wconf 91' lang='lat' dir='ltr'>hominem</span> <span class='ocrx_word' id='word_1_170' title='bbox 1090 2527 1124 2588; x_wconf 93' lang='lat' dir='ltr'>in</span> <span class='ocrx_word' id='word_1_171' title='bbox 1148 2525 1319 2609; x_wconf 90' lang='lat' dir='ltr'>loquelam</span> <span class='ocrx_word' id='word_1_172' title='bbox 1343 2528 1414 2610; x_wconf 89' lang='lat' dir='ltr'>ejus</span> 
     </span>
     <span class='ocr_line' id='line_1_21' title="bbox 292 2619 1414 2706; baseline 0.005 -24"><span class='ocrx_word' id='word_1_173' title='bbox 292 2639 337 2682; x_wconf 89' lang='lat' dir='ltr'>ex</span> <span class='ocrx_word' id='word_1_174' title='bbox 354 2619 428 2682; x_wconf 89' lang='lat' dir='ltr'>aliis</span> <span class='ocrx_word' id='word_1_175' title='bbox 444 2619 712 2701; x_wconf 89' lang='lat' dir='ltr'>cogitationibus</span> <span class='ocrx_word' id='word_1_176' title='bbox 728 2619 879 2684; x_wconf 87' lang='lat' dir='ltr'>insertur.</span> <span class='ocrx_word' id='word_1_177' title='bbox 926 2619 1044 2703; x_wconf 88' lang='lat' dir='ltr'>(Quod</span> <span class='ocrx_word' id='word_1_178' title='bbox 1061 2620 1261 2703; x_wconf 86' lang='lat' dir='ltr'>angelorum</span> <span class='ocrx_word' id='word_1_179' title='bbox 1278 2623 1414 2706; x_wconf 91' lang='lat' dir='ltr'>loquela</span> 
     </span>
     <span class='ocr_line' id='line_1_22' title="bbox 292 2713 1412 2797; baseline 0.004 -19"><span class='ocrx_word' id='word_1_180' title='bbox 292 2716 336 2778; x_wconf 92' lang='lat' dir='ltr'>sit</span> <span class='ocrx_word' id='word_1_181' title='bbox 360 2713 497 2797; x_wconf 88' lang='lat' dir='ltr'>loquela</span> <span class='ocrx_word' id='word_1_182' title='bbox 519 2715 741 2796; x_wconf 87' lang='lat' dir='ltr'>cogitationis</span> <span class='ocrx_word' id='word_1_183' title='bbox 773 2726 809 2780; x_wconf 91' lang='lat' dir='ltr'>et</span> <span class='ocrx_word' id='word_1_184' title='bbox 843 2713 1030 2780; x_wconf 65' lang='lat' dir='ltr'>affectionis</span> <span class='ocrx_word' id='word_1_185' title='bbox 1049 2737 1176 2792; x_wconf 91' lang='lat' dir='ltr'>eorum,</span> <span class='ocrx_word' id='word_1_186' title='bbox 1201 2717 1358 2782; x_wconf 86' lang='lat' dir='ltr'>videatur</span> <span class='ocrx_word' id='word_1_187' title='bbox 1380 2739 1412 2782; x_wconf 93' lang='lat' dir='ltr'>n.</span> 
     </span>
     <span class='ocr_line' id='line_1_23' title="bbox 293 2809 1413 2896; baseline 0.005 -24"><span class='ocrx_word' id='word_1_188' title='bbox 293 2809 465 2892; x_wconf 82' lang='lat'><strong>234-245.)</strong></span> <span class='ocrx_word' id='word_1_189' title='bbox 508 2810 566 2873; x_wconf 93' lang='lat' dir='ltr'>Ad</span> <span class='ocrx_word' id='word_1_190' title='bbox 583 2810 689 2874; x_wconf 89' lang='lat' dir='ltr'>talem</span> <span class='ocrx_word' id='word_1_191' title='bbox 705 2811 906 2892; x_wconf 90' lang='lat' dir='ltr'>angelorum</span> <span class='ocrx_word' id='word_1_192' title='bbox 919 2812 1124 2893; x_wconf 91' lang='lat' dir='ltr'>sapientiam</span> <span class='ocrx_word' id='word_1_193' title='bbox 1137 2813 1312 2894; x_wconf 90' lang='lat' dir='ltr'>conspirat</span> <span class='ocrx_word' id='word_1_194' title='bbox 1329 2835 1413 2896; x_wconf 89' lang='lat' dir='ltr'>quo·</span> 
     </span>
     <span class='ocr_line' id='line_1_24' title="bbox 291 2904 1412 2994; baseline 0.004 -26"><span class='ocrx_word' id='word_1_195' title='bbox 291 2925 356 2988; x_wconf 89' lang='lat' dir='ltr'>que</span> <span class='ocrx_word' id='word_1_196' title='bbox 367 2905 412 2980; x_wconf 92' lang='lat' dir='ltr'>id,</span> <span class='ocrx_word' id='word_1_197' title='bbox 424 2904 515 2987; x_wconf 91' lang='lat' dir='ltr'>quod</span> <span class='ocrx_word' id='word_1_198' title='bbox 526 2907 641 2969; x_wconf 91' lang='lat' dir='ltr'>omnia</span> <span class='ocrx_word' id='word_1_199' title='bbox 651 2927 737 2988; x_wconf 91' lang='lat' dir='ltr'>quae</span> <span class='ocrx_word' id='word_1_200' title='bbox 750 2906 857 2970; x_wconf 89' lang='lat' dir='ltr'>oculis</span> <span class='ocrx_word' id='word_1_201' title='bbox 866 2907 985 2970; x_wconf 91' lang='lat' dir='ltr'>vident</span> <span class='ocrx_word' id='word_1_202' title='bbox 996 2917 1032 2970; x_wconf 93' lang='lat' dir='ltr'>et</span> <span class='ocrx_word' id='word_1_203' title='bbox 1045 2907 1201 2970; x_wconf 88' lang='lat' dir='ltr'>sensibus</span> <span class='ocrx_word' id='word_1_204' title='bbox 1211 2909 1412 2994; x_wconf 89' lang='lat' dir='ltr'>percipiunt,</span> 
     </span>
     <span class='ocr_line' id='line_1_25' title="bbox 292 3001 1413 3084; baseline 0.005 -21"><span class='ocrx_word' id='word_1_205' title='bbox 292 3001 506 3064; x_wconf 87' lang='lat' dir='ltr'>concordent</span> <span class='ocrx_word' id='word_1_206' title='bbox 533 3001 722 3082; x_wconf 90' lang='lat' dir='ltr'>sapientiae</span> <span class='ocrx_word' id='word_1_207' title='bbox 752 3021 880 3077; x_wconf 90' lang='lat' dir='ltr'>eorum,</span> <span class='ocrx_word' id='word_1_208' title='bbox 905 3001 1065 3084; x_wconf 92' lang='lat' dir='ltr'>quoniam</span> <span class='ocrx_word' id='word_1_209' title='bbox 1089 3003 1413 3084; x_wconf 88' lang='lat' dir='ltr'>correspondentiae</span> 
     </span>
     <span class='ocr_line' id='line_1_26' title="bbox 291 3094 1413 3182; baseline 0.004 -23"><span class='ocrx_word' id='word_1_210' title='bbox 291 3106 382 3171; x_wconf 90' lang='lat' dir='ltr'>sunt,</span> <span class='ocrx_word' id='word_1_211' title='bbox 400 3107 436 3160; x_wconf 92' lang='lat' dir='ltr'>et</span> <span class='ocrx_word' id='word_1_212' title='bbox 456 3096 535 3159; x_wconf 91' lang='lat' dir='ltr'>inde</span> <span class='ocrx_word' id='word_1_213' title='bbox 554 3094 689 3179; x_wconf 76' lang='lat' dir='ltr'>objefta</span> <span class='ocrx_word' id='word_1_214' title='bbox 707 3097 835 3161; x_wconf 83' lang='lat' dir='ltr'>formae</span> <span class='ocrx_word' id='word_1_215' title='bbox 854 3097 1169 3178; x_wconf 89' lang='lat' dir='ltr'>repraesentativae</span> <span class='ocrx_word' id='word_1_216' title='bbox 1189 3098 1309 3162; x_wconf 92' lang='lat' dir='ltr'>talium</span> <span class='ocrx_word' id='word_1_217' title='bbox 1327 3121 1413 3182; x_wconf 91' lang='lat' dir='ltr'>quae</span> 
     </span>
     <span class='ocr_line' id='line_1_27' title="bbox 291 3189 1413 3274; baseline 0.004 -20"><span class='ocrx_word' id='word_1_218' title='bbox 291 3200 371 3254; x_wconf 91' lang='lat' dir='ltr'>sunt</span> <span class='ocrx_word' id='word_1_219' title='bbox 384 3192 586 3274; x_wconf 91' lang='lat' dir='ltr'>sapientiae.</span> <span class='ocrx_word' id='word_1_220' title='bbox 627 3189 745 3274; x_wconf 87' lang='lat' dir='ltr'>(Quod</span> <span class='ocrx_word' id='word_1_221' title='bbox 762 3192 877 3256; x_wconf 91' lang='lat' dir='ltr'>omnia</span> <span class='ocrx_word' id='word_1_222' title='bbox 889 3211 976 3272; x_wconf 90' lang='lat' dir='ltr'>quae</span> <span class='ocrx_word' id='word_1_223' title='bbox 995 3191 1028 3253; x_wconf 92' lang='lat' dir='ltr'>in</span> <span class='ocrx_word' id='word_1_224' title='bbox 1041 3191 1145 3254; x_wconf 92' lang='lat' dir='ltr'>caelis</span> <span class='ocrx_word' id='word_1_225' title='bbox 1161 3203 1328 3274; x_wconf 90' lang='lat' dir='ltr'>apparent</span> <span class='ocrx_word' id='word_1_226' title='bbox 1344 3195 1413 3258; x_wconf 90' lang='lat' dir='ltr'>sint</span> 
     </span>
     <span class='ocr_line' id='line_1_28' title="bbox 291 3285 1413 3369; baseline 0.002 -19"><span class='ocrx_word' id='word_1_227' title='bbox 291 3288 615 3366; x_wconf 90' lang='lat' dir='ltr'>correspondentiae</span> <span class='ocrx_word' id='word_1_228' title='bbox 632 3305 709 3350; x_wconf 92' lang='lat' dir='ltr'>cum</span> <span class='ocrx_word' id='word_1_229' title='bbox 726 3285 942 3349; x_wconf 89' lang='lat' dir='ltr'>interioribus</span> <span class='ocrx_word' id='word_1_230' title='bbox 955 3285 1167 3368; x_wconf 89' lang='lat' dir='ltr'>angelorum,</span> <span class='ocrx_word' id='word_1_231' title='bbox 1185 3297 1221 3350; x_wconf 91' lang='lat' dir='ltr'>et</span> <span class='ocrx_word' id='word_1_232' title='bbox 1237 3289 1328 3369; x_wconf 93' lang='lat' dir='ltr'>quod</span> <span class='ocrx_word' id='word_1_233' title='bbox 1345 3290 1413 3353; x_wconf 91' lang='lat' dir='ltr'>sint</span> 
     </span>
     <span class='ocr_line' id='line_1_29' title="bbox 292 3380 1412 3465; baseline 0.002 -20"><span class='ocrx_word' id='word_1_234' title='bbox 292 3383 628 3465; x_wconf 87' lang='lat' dir='ltr'>repraesentationes</span> <span class='ocrx_word' id='word_1_235' title='bbox 658 3382 847 3464; x_wconf 89' lang='lat' dir='ltr'>sapientiae</span> <span class='ocrx_word' id='word_1_236' title='bbox 875 3380 1022 3456; x_wconf 90' lang='lat' dir='ltr'>illorum,</span> <span class='ocrx_word' id='word_1_237' title='bbox 1052 3381 1210 3444; x_wconf 89' lang='lat' dir='ltr'>videatur</span> <span class='ocrx_word' id='word_1_238' title='bbox 1238 3403 1349 3464; x_wconf 91' lang='lat' dir='ltr'>supra,</span> <span class='ocrx_word' id='word_1_239' title='bbox 1381 3403 1412 3447; x_wconf 94' lang='lat' dir='ltr'>n.</span> 
     </span>
     <span class='ocr_line' id='line_1_30' title="bbox 295 3475 1412 3562; baseline 0.002 -24"><span class='ocrx_word' id='word_1_240' title='bbox 295 3476 465 3558; x_wconf 85' lang='lat'>170-182.)</span> <span class='ocrx_word' id='word_1_241' title='bbox 512 3477 696 3540; x_wconf 89' lang='lat' dir='ltr'>Praeterea</span> <span class='ocrx_word' id='word_1_242' title='bbox 719 3475 922 3557; x_wconf 87' lang='lat' dir='ltr'>angelorum</span> <span class='ocrx_word' id='word_1_243' title='bbox 944 3476 1176 3557; x_wconf 89' lang='lat' dir='ltr'>cogitationes</span> <span class='ocrx_word' id='word_1_244' title='bbox 1199 3497 1271 3562; x_wconf 45' lang='lat' dir='ltr'>non,</span> <span class='ocrx_word' id='word_1_245' title='bbox 1292 3475 1412 3541; x_wconf 87' lang='lat' dir='ltr'>finiun-</span> 
     </span>
     <span class='ocr_line' id='line_1_31' title="bbox 291 3569 1413 3654; baseline 0 -18"><span class='ocrx_word' id='word_1_246' title='bbox 291 3581 346 3636; x_wconf 93' lang='lat' dir='ltr'>tur</span> <span class='ocrx_word' id='word_1_247' title='bbox 373 3583 408 3636; x_wconf 92' lang='lat' dir='ltr'>et</span> <span class='ocrx_word' id='word_1_248' title='bbox 438 3569 637 3635; x_wconf 67' lang='lat' dir='ltr'>condiantur</span> <span class='ocrx_word' id='word_1_249' title='bbox 662 3591 722 3654; x_wconf 92' lang='lat' dir='ltr'>per</span> <span class='ocrx_word' id='word_1_250' title='bbox 746 3572 843 3635; x_wconf 89' lang='lat' dir='ltr'>ideas</span> <span class='ocrx_word' id='word_1_251' title='bbox 867 3591 913 3633; x_wconf 86' lang='lat' dir='ltr'>ex</span> <span class='ocrx_word' id='word_1_252' title='bbox 939 3572 1052 3653; x_wconf 89' lang='lat' dir='ltr'>spatio</span> <span class='ocrx_word' id='word_1_253' title='bbox 1077 3581 1112 3634; x_wconf 90' lang='lat' dir='ltr'>et</span> <span class='ocrx_word' id='word_1_254' title='bbox 1138 3581 1304 3652; x_wconf 90' lang='lat' dir='ltr'>tempore,</span> <span class='ocrx_word' id='word_1_255' title='bbox 1325 3573 1413 3637; x_wconf 92' lang='lat' dir='ltr'>sicut</span> 
     </span>
     <span class='ocr_line' id='line_1_32' title="bbox 290 3665 1411 3750; baseline 0.001 -20"><span class='ocrx_word' id='word_1_256' title='bbox 290 3668 522 3749; x_wconf 87' lang='lat' dir='ltr'>cogitationes</span> <span class='ocrx_word' id='word_1_257' title='bbox 545 3665 725 3742; x_wconf 89' lang='lat' dir='ltr'>humanae,</span> <span class='ocrx_word' id='word_1_258' title='bbox 746 3685 825 3728; x_wconf 93' lang='lat' dir='ltr'>nam</span> <span class='ocrx_word' id='word_1_259' title='bbox 849 3667 961 3749; x_wconf 91' lang='lat' dir='ltr'>spatia</span> <span class='ocrx_word' id='word_1_260' title='bbox 987 3675 1024 3729; x_wconf 92' lang='lat' dir='ltr'>et</span> <span class='ocrx_word' id='word_1_261' title='bbox 1053 3674 1211 3748; x_wconf 89' lang='lat' dir='ltr'>tempora</span> <span class='ocrx_word' id='word_1_262' title='bbox 1233 3676 1312 3730; x_wconf 89' lang='lat' dir='ltr'>sunt</span> <span class='ocrx_word' id='word_1_263' title='bbox 1334 3689 1411 3750; x_wconf 93' lang='lat' dir='ltr'>pro·</span> 
     </span>
     <span class='ocr_line' id='line_1_33' title="bbox 290 3759 1411 3845; baseline 0 -19"><span class='ocrx_word' id='word_1_264' title='bbox 290 3763 362 3845; x_wconf 89' lang='lat' dir='ltr'>pria</span> <span class='ocrx_word' id='word_1_265' title='bbox 382 3773 535 3837; x_wconf 87' lang='lat' dir='ltr'>naturae,</span> <span class='ocrx_word' id='word_1_266' title='bbox 554 3772 589 3825; x_wconf 92' lang='lat' dir='ltr'>et</span> <span class='ocrx_word' id='word_1_267' title='bbox 605 3763 741 3843; x_wconf 91' lang='lat' dir='ltr'>propria</span> <span class='ocrx_word' id='word_1_268' title='bbox 757 3771 898 3825; x_wconf 89' lang='lat' dir='ltr'>naturae</span> <span class='ocrx_word' id='word_1_269' title='bbox 914 3759 1089 3824; x_wconf 91' lang='lat' dir='ltr'>abducunt</span> <span class='ocrx_word' id='word_1_270' title='bbox 1106 3772 1258 3824; x_wconf 89' lang='lat' dir='ltr'>mentem</span> <span class='ocrx_word' id='word_1_271' title='bbox 1278 3782 1297 3825; x_wconf 89' lang='lat' dir='ltr'>a</span> <span class='ocrx_word' id='word_1_272' title='bbox 1316 3763 1411 3844; x_wconf 89' lang='lat' dir='ltr'>spiri-</span> 
     </span>
     <span class='ocr_line' id='line_1_34' title="bbox 290 3853 1412 3939; baseline 0 -18"><span class='ocrx_word' id='word_1_273' title='bbox 290 3857 451 3930; x_wconf 89' lang='lat' dir='ltr'>tualibus,</span> <span class='ocrx_word' id='word_1_274' title='bbox 461 3867 496 3920; x_wconf 91' lang='lat' dir='ltr'>et</span> <span class='ocrx_word' id='word_1_275' title='bbox 508 3856 757 3920; x_wconf 84' lang='lat' dir='ltr'>auseruntvisui</span> <span class='ocrx_word' id='word_1_276' title='bbox 770 3853 994 3920; x_wconf 76' lang='lat' dir='ltr'>intelledtuali</span> <span class='ocrx_word' id='word_1_277' title='bbox 1005 3857 1256 3920; x_wconf 86' lang='lat' dir='ltr'>extensionem.</span> <span class='ocrx_word' id='word_1_278' title='bbox 1295 3855 1412 3939; x_wconf 87' lang='lat' dir='ltr'>(Quod</span> 
     </span>
     <span class='ocr_line' id='line_1_35' title="bbox 289 3951 1412 4034; baseline 0 -18"><span class='ocrx_word' id='word_1_279' title='bbox 289 3953 491 4034; x_wconf 87' lang='lat' dir='ltr'>angelorum</span> <span class='ocrx_word' id='word_1_280' title='bbox 518 3953 617 4015; x_wconf 91' lang='lat' dir='ltr'>ideae</span> <span class='ocrx_word' id='word_1_281' title='bbox 647 3953 716 4014; x_wconf 93' lang='lat' dir='ltr'>sint</span> <span class='ocrx_word' id='word_1_282' title='bbox 743 3951 872 4033; x_wconf 91' lang='lat' dir='ltr'>absque</span> <span class='ocrx_word' id='word_1_283' title='bbox 898 3960 1056 4034; x_wconf 90' lang='lat' dir='ltr'>tempore</span> <span class='ocrx_word' id='word_1_284' title='bbox 1086 3960 1121 4015; x_wconf 91' lang='lat' dir='ltr'>et</span> <span class='ocrx_word' id='word_1_285' title='bbox 1152 3953 1276 4033; x_wconf 90' lang='lat' dir='ltr'>spatio,</span> <span class='ocrx_word' id='word_1_286' title='bbox 1301 3961 1337 4016; x_wconf 91' lang='lat' dir='ltr'>et</span> <span class='ocrx_word' id='word_1_287' title='bbox 1364 3953 1412 4016; x_wconf 92' lang='lat' dir='ltr'>sic</span> 
     </span>
     <span class='ocr_line' id='line_1_36' title="bbox 289 4046 1412 4130; baseline 0 -18"><span class='ocrx_word' id='word_1_288' title='bbox 289 4047 486 4112; x_wconf 89' lang='lat' dir='ltr'>illimitatae</span> <span class='ocrx_word' id='word_1_289' title='bbox 510 4067 591 4130; x_wconf 91' lang='lat' dir='ltr'>prae</span> <span class='ocrx_word' id='word_1_290' title='bbox 618 4047 787 4122; x_wconf 90' lang='lat' dir='ltr'>humanis,</span> <span class='ocrx_word' id='word_1_291' title='bbox 812 4047 970 4111; x_wconf 90' lang='lat' dir='ltr'>videatur</span> <span class='ocrx_word' id='word_1_292' title='bbox 993 4067 1105 4129; x_wconf 92' lang='lat' dir='ltr'>supra,</span> <span class='ocrx_word' id='word_1_293' title='bbox 1130 4067 1162 4109; x_wconf 92' lang='lat' dir='ltr'>n.</span> <span class='ocrx_word' id='word_1_294' title='bbox 1198 4046 1351 4129; x_wconf 87' lang='lat'>162-169,</span> <span class='ocrx_word' id='word_1_295' title='bbox 1376 4057 1412 4112; x_wconf 92' lang='lat' dir='ltr'>et</span> 
     </span>
     <span class='ocr_line' id='line_1_37' title="bbox 293 4141 1412 4224; baseline 0.002 -20"><span class='ocrx_word' id='word_1_296' title='bbox 293 4141 463 4224; x_wconf 88' lang='lat'>191-199.)</span> <span class='ocrx_word' id='word_1_297' title='bbox 517 4141 737 4224; x_wconf 89' lang='lat' dir='ltr'>Angelorum</span> <span class='ocrx_word' id='word_1_298' title='bbox 764 4142 997 4224; x_wconf 88' lang='lat' dir='ltr'>cogitationes</span> <span class='ocrx_word' id='word_1_299' title='bbox 1027 4161 1090 4204; x_wconf 89' lang='lat' dir='ltr'>nec</span> <span class='ocrx_word' id='word_1_300' title='bbox 1124 4141 1340 4205; x_wconf 89' lang='lat' dir='ltr'>deducuntur</span> <span class='ocrx_word' id='word_1_301' title='bbox 1368 4145 1412 4206; x_wconf 93' lang='lat' dir='ltr'>ad</span> 
     </span>
     <span class='ocr_line' id='line_1_38' title="bbox 289 4236 1411 4320; baseline -0.001 -18"><span class='ocrx_word' id='word_1_302' title='bbox 289 4239 470 4302; x_wconf 86' lang='lat' dir='ltr'>terrestria</span> <span class='ocrx_word' id='word_1_303' title='bbox 500 4245 536 4302; x_wconf 92' lang='lat' dir='ltr'>et</span> <span class='ocrx_word' id='word_1_304' title='bbox 571 4237 776 4313; x_wconf 86' lang='lat' dir='ltr'>materialia,</span> <span class='ocrx_word' id='word_1_305' title='bbox 801 4257 864 4300; x_wconf 92' lang='lat' dir='ltr'>nec</span> <span class='ocrx_word' id='word_1_306' title='bbox 888 4236 1141 4319; x_wconf 90' lang='lat' dir='ltr'>interpolantur</span> <span class='ocrx_word' id='word_1_307' title='bbox 1170 4237 1214 4300; x_wconf 91' lang='lat' dir='ltr'>ab</span> <span class='ocrx_word' id='word_1_308' title='bbox 1243 4237 1411 4320; x_wconf 91' lang='lat' dir='ltr'>aliquibus</span> 
     </span>
     <span class='ocr_line' id='line_1_39' title="bbox 290 4331 1412 4414; baseline -0.001 -16"><span class='ocrx_word' id='word_1_309' title='bbox 290 4335 379 4398; x_wconf 88' lang='lat' dir='ltr'>curis</span> <span class='ocrx_word' id='word_1_310' title='bbox 397 4333 441 4396; x_wconf 91' lang='lat' dir='ltr'>de</span> <span class='ocrx_word' id='word_1_311' title='bbox 460 4333 727 4396; x_wconf 88' lang='lat' dir='ltr'>necessitatibus</span> <span class='ocrx_word' id='word_1_312' title='bbox 743 4335 846 4406; x_wconf 90' lang='lat' dir='ltr'>vitae,</span> <span class='ocrx_word' id='word_1_313' title='bbox 864 4333 914 4396; x_wconf 91' lang='lat' dir='ltr'>ita</span> <span class='ocrx_word' id='word_1_314' title='bbox 930 4353 989 4414; x_wconf 90' lang='lat' dir='ltr'>per</span> <span class='ocrx_word' id='word_1_315' title='bbox 1005 4331 1063 4395; x_wconf 92' lang='lat' dir='ltr'>illa</span> <span class='ocrx_word' id='word_1_316' title='bbox 1080 4352 1143 4396; x_wconf 93' lang='lat' dir='ltr'>nec</span> <span class='ocrx_word' id='word_1_317' title='bbox 1160 4332 1377 4396; x_wconf 83' lang='lat' dir='ltr'>abducuntur</span> <span class='ocrx_word' id='word_1_318' title='bbox 1392 4355 1412 4398; x_wconf 91' lang='lat' dir='ltr'>a</span> 
     </span>
     <span class='ocr_line' id='line_1_40' title="bbox 290 4426 1410 4510; baseline 0 -20"><span class='ocrx_word' id='word_1_319' title='bbox 290 4429 481 4510; x_wconf 84' lang='lat' dir='ltr'>sapientiae</span> <span class='ocrx_word' id='word_1_320' title='bbox 490 4427 660 4509; x_wconf 88' lang='lat' dir='ltr'>jucundis,</span> <span class='ocrx_word' id='word_1_321' title='bbox 675 4429 763 4490; x_wconf 91' lang='lat' dir='ltr'>sicut</span> <span class='ocrx_word' id='word_1_322' title='bbox 777 4429 1011 4508; x_wconf 89' lang='lat' dir='ltr'>cogitationes</span> <span class='ocrx_word' id='word_1_323' title='bbox 1023 4426 1198 4490; x_wconf 90' lang='lat' dir='ltr'>hominum</span> <span class='ocrx_word' id='word_1_324' title='bbox 1212 4428 1245 4490; x_wconf 91' lang='lat' dir='ltr'>in</span> <span class='ocrx_word' id='word_1_325' title='bbox 1263 4427 1389 4491; x_wconf 92' lang='lat' dir='ltr'>mundo</span> <span class='ocrx_word' id='word_1_326' title='bbox 1402 4449 1410 4508; x_wconf 90' lang='lat'>;</span> 
     </span>
     <span class='ocr_line' id='line_1_41' title="bbox 291 4520 1409 4604; baseline 0 -18"><span class='ocrx_word' id='word_1_327' title='bbox 291 4524 406 4587; x_wconf 93' lang='lat' dir='ltr'>omnia</span> <span class='ocrx_word' id='word_1_328' title='bbox 423 4523 514 4586; x_wconf 87' lang='lat' dir='ltr'>enim</span> <span class='ocrx_word' id='word_1_329' title='bbox 533 4522 600 4586; x_wconf 91' lang='lat' dir='ltr'>illis</span> <span class='ocrx_word' id='word_1_330' title='bbox 616 4523 758 4584; x_wconf 91' lang='lat' dir='ltr'>veniunt</span> <span class='ocrx_word' id='word_1_331' title='bbox 775 4522 883 4603; x_wconf 89' lang='lat' dir='ltr'>gratis</span> <span class='ocrx_word' id='word_1_332' title='bbox 902 4542 922 4584; x_wconf 92' lang='lat' dir='ltr'>a</span> <span class='ocrx_word' id='word_1_333' title='bbox 942 4520 1102 4596; x_wconf 89' lang='lat' dir='ltr'>Domino,</span> <span class='ocrx_word' id='word_1_334' title='bbox 1120 4523 1314 4585; x_wconf 90' lang='lat' dir='ltr'>vestiuntur</span> <span class='ocrx_word' id='word_1_335' title='bbox 1330 4540 1409 4604; x_wconf 89' lang='lat' dir='ltr'>gra·</span> 
     </span>
     <span class='ocr_line' id='line_1_42' title="bbox 291 4614 1409 4700; baseline 0 -18"><span class='ocrx_word' id='word_1_336' title='bbox 291 4621 346 4692; x_wconf 88' lang='lat' dir='ltr'>tis,</span> <span class='ocrx_word' id='word_1_337' title='bbox 367 4619 563 4683; x_wconf 90' lang='lat' dir='ltr'>nutriuntur</span> <span class='ocrx_word' id='word_1_338' title='bbox 581 4618 701 4700; x_wconf 87' lang='lat' dir='ltr'>gratis,</span> <span class='ocrx_word' id='word_1_339' title='bbox 721 4615 881 4682; x_wconf 86' lang='lat' dir='ltr'>habitant</span> <span class='ocrx_word' id='word_1_340' title='bbox 901 4617 1009 4700; x_wconf 88' lang='lat' dir='ltr'>gratis</span> <span class='ocrx_word' id='word_1_341' title='bbox 1029 4614 1076 4700; x_wconf 93' lang='lat' dir='ltr'>(n.</span> <span class='ocrx_word' id='word_1_342' title='bbox 1097 4614 1278 4700; x_wconf 87' lang='lat'>181-190);</span> <span class='ocrx_word' id='word_1_343' title='bbox 1303 4629 1338 4682; x_wconf 94' lang='lat' dir='ltr'>et</span> <span class='ocrx_word' id='word_1_344' title='bbox 1358 4618 1409 4682; x_wconf 92' lang='lat' dir='ltr'>in·</span> 
     </span>
    </p>
   </div>
   <div class='ocr_carea' id='block_1_5' title="bbox 0 0 1696 5358">
    <p class='ocr_par' dir='ltr' id='par_1_5' title="bbox 0 0 1696 5358">
     <span class='ocr_line' id='line_1_43' title="bbox 0 0 1696 5358; baseline 0 0"><span class='ocrx_word' id='word_1_345' title='bbox 0 0 1696 5358; x_wconf 95' lang='lat' dir='ltr'> </span> 
     </span>
    </p>
   </div>
  </div>
 </body>
</html>
