3382 5358
301 611 360 676 140
618 605 667 655 DE
690 603 817 656 CAELO
840 603 889 654 ET
912 603 1094 654 INFERNO.

294 779 433 864 ignotis.
477 777 590 844 Causa
602 778 693 864 quod
709 778 759 842 ita
774 777 830 854 sit,
844 786 898 842 est
911 774 989 860 quia
1001 773 1127 858 angeli,
1142 791 1219 840 cum
1232 774 1418 858 loquuntur

295 895 371 942 curn
391 875 542 950 homine,
560 883 698 940 vertunt
718 894 756 937 se
774 873 818 938 ad
837 872 945 948 illum,
963 879 999 936 et
1019 870 1232 954 conjungunt
1251 891 1288 934 se
1307 871 1367 948 illi,
1382 881 1418 936 et

295 968 491 1054 conjunctio
507 968 623 1052 angeli
640 987 716 1033 cum
733 968 873 1032 homine
888 967 970 1032 facit
986 975 1024 1032 ut
1041 976 1184 1049 uterque
1201 967 1301 1030 simili
1321 967 1417 1049 cogi·

294 1067 429 1131 tatione
448 1065 512 1144 sit;
543 1074 580 1130 et
599 1065 678 1148 quia
696 1064 844 1128 hominis
867 1062 1038 1146 cogitatio
1062 1062 1227 1126 cohaeret
1250 1081 1328 1127 cum
1347 1062 1418 1144 ejus

294 1162 470 1238 memoria,
491 1169 527 1226 et
546 1161 625 1224 inde
648 1158 720 1222 fluit
739 1158 887 1242 loquela,
906 1158 985 1222 ideo
1003 1167 1145 1240 uterque
1168 1167 1222 1222 est
1241 1159 1275 1221 in
1295 1158 1417 1222 eadem

294 1257 421 1340 lingua.
482 1257 664 1322 Praeterea
697 1255 842 1337 angelus
874 1264 933 1318 aut
967 1253 1117 1336 spiritus,
1142 1272 1219 1318 cum
1248 1255 1344 1316 venit
1374 1255 1417 1316 ad

294 1353 481 1428 hominem,
506 1361 541 1416 et
565 1372 625 1434 per
657 1350 919 1415 conversionem
942 1349 986 1414 ad
1013 1347 1110 1412 illum
1134 1347 1352 1430 conjungitur
1375 1349 1417 1422 ei,

293 1450 390 1512 venit
414 1449 447 1511 in
471 1466 611 1512 omnem
629 1445 701 1528 ejus
724 1447 936 1521 memoriam,
957 1446 990 1508 in
1015 1454 1152 1509 tantum
1176 1453 1213 1508 ut
1234 1445 1294 1507 vix
1317 1444 1419 1508 aliter

294 1545 383 1608 sciat
403 1562 505 1626 quam
529 1541 620 1625 quod
644 1563 689 1605 ex
710 1561 746 1605 se
770 1543 857 1606 sciat
879 1561 965 1624 quae
988 1541 1094 1604 homo
1113 1540 1189 1615 scit,
1210 1540 1259 1604 ita
1282 1560 1418 1622 quoque

293 1638 437 1720 linguas.
479 1637 565 1702 Cum
581 1636 715 1720 angelis
732 1637 851 1701 dehac
871 1657 907 1700 re
921 1637 1058 1700 locutus
1074 1655 1160 1710 sum,
1175 1645 1210 1700 et
1227 1635 1312 1710 dixi,
1326 1636 1417 1718 quod

293 1733 382 1798 sorte
399 1743 591 1806 autument,
605 1733 697 1815 quod
713 1732 762 1796 illi
779 1732 964 1816 loquantur
980 1751 1114 1796 mecum
1127 1730 1312 1794 vernacula
1328 1751 1416 1806 mea,

294 1830 371 1911 quia
388 1830 437 1891 ita
455 1828 698 1910 appercipitur,
719 1846 796 1892 cum
820 1835 937 1890 tamen
956 1825 1005 1890 illi
1021 1847 1091 1890 non
1110 1827 1179 1890 sint
1196 1827 1252 1910 qui
1272 1825 1416 1910 loquun-

293 1933 359 1999 tur,
384 1924 446 1988 sed
469 1943 556 2005 ego;
591 1933 628 1986 et
651 1924 742 2006 quod
767 1923 832 1986 hoc
857 1930 1019 1986 constare
1043 1922 1153 2003 possit
1176 1943 1222 1986 ex
1246 1942 1299 1996 eo,
1324 1921 1417 2004 quod

293 2017 408 2100 angeli
432 2038 500 2080 non
525 2019 658 2100 possint
682 2017 795 2100 eloqui
815 2035 917 2079 unam
937 2035 1059 2080 vocem
1084 2016 1222 2099 linguae
1245 2015 1416 2080 humanae

295 2112 342 2196 (n.
363 2111 462 2196 237);
497 2123 533 2177 et
557 2123 737 2196 praeterea
767 2113 884 2194 lingua
907 2111 1058 2176 humana
1091 2123 1146 2177 est
1177 2112 1355 2187 naturalis,
1380 2121 1417 2175 et

293 2208 342 2272 illi
366 2217 445 2271 sunt
468 2209 672 2291 spirituales,
693 2217 728 2272 et
753 2207 947 2290 spirituales
971 2227 1040 2271 non
1064 2207 1190 2291 aliquid
1214 2207 1418 2272 naturaliter

293 2303 443 2386 prolerre
468 2313 623 2386 possunt.
670 2302 727 2367 Ad
753 2303 837 2368 haec
865 2303 1042 2380 dixerunt,
1067 2303 1158 2386 quod
1182 2305 1294 2366 sciant
1324 2301 1417 2385 quod

293 2397 487 2480 conjunctio
515 2418 633 2464 eorum
663 2417 741 2462 cum
768 2397 918 2472 homine,
944 2417 1022 2462 cum
1049 2419 1117 2482 quo
1148 2397 1345 2481 loquuntur,
1370 2398 1416 2460 sit

293 2514 369 2558 cum
401 2497 617 2577 cogitatione
647 2495 718 2576 ejus
749 2493 928 2577 spirituaii,
952 2495 1014 2558 sed
1044 2495 1123 2577 quia
1156 2493 1215 2558 illa
1243 2493 1352 2558 influit
1382 2494 1416 2556 in

293 2591 543 2672 cogitationem
562 2589 634 2671 ejus
658 2589 863 2664 naturalem,
883 2598 919 2653 et
942 2589 1029 2654 haec
1057 2589 1222 2654 cohaeret
1246 2607 1323 2653 cum
1343 2607 1415 2651 me-

293 2685 401 2748 moria
424 2685 506 2766 ejus,
527 2686 617 2768 quod
641 2685 719 2748 ideo
742 2693 908 2766 appareat
928 2683 996 2748 illis
1020 2684 1137 2766 lingua
1159 2685 1307 2748 hominis
1327 2685 1416 2747 sicut

293 2799 364 2855 sua,
389 2780 545 2843 similiter
573 2781 684 2843 omnis
714 2780 859 2844 scientia
886 2778 970 2860 ejus,
995 2789 1031 2844 et
1064 2781 1157 2862 quod
1184 2780 1250 2843 hoc
1278 2778 1338 2843 fiat
1369 2798 1415 2842 ex

293 2893 408 2954 causa,
427 2877 506 2958 quia
536 2875 664 2955 placuit
692 2874 853 2950 Domino,
878 2884 915 2938 ut
940 2875 1019 2938 talis
1043 2872 1239 2956 conjunctio
1262 2885 1297 2938 et
1319 2876 1416 2958 quasi

292 2969 433 3033 insertio
453 2967 540 3034 caeli
559 2971 603 3033 sit
622 2969 712 3051 apud
730 2969 925 3046 hominem;
950 2971 1011 3033 sed
1030 2970 1121 3052 quod
1137 2979 1249 3034 status
1267 2970 1416 3034 hominis

293 3063 396 3128 hodie
419 3067 464 3130 sit
488 3065 585 3141 alius,
610 3075 647 3130 ut
671 3065 751 3129 talis
775 3061 971 3145 conjunctio
994 3086 1062 3129 non
1086 3066 1233 3148 amplius
1262 3068 1307 3129 sit
1338 3083 1414 3128 cum

293 3159 438 3240 angelis,
458 3161 519 3226 sed
543 3178 620 3224 cum
644 3159 817 3241 spiritibus
840 3160 897 3241 qui
921 3180 988 3222 non
1012 3161 1047 3223 in
1071 3160 1169 3224 caelo
1193 3171 1282 3224 sunt.
1329 3159 1414 3224 Cum

293 3255 467 3338 spiritibus
483 3255 526 3318 de
542 3255 663 3318 eadem
680 3254 744 3316 hac
761 3275 797 3317 re
813 3256 919 3317 etiarn
936 3254 1069 3318 locutus
1082 3277 1177 3334 sum;
1202 3257 1263 3319 sed
1279 3255 1329 3318 illi
1345 3275 1415 3318 non

294 3349 433 3413 credere
449 3349 642 3425 voluerunt,
660 3349 751 3431 quod
769 3349 873 3412 homo
890 3348 1050 3431 loquatur
1069 3351 1129 3414 sed
1149 3351 1197 3414 illi
1214 3352 1247 3414 in
1264 3351 1414 3428 homine,

293 3454 368 3508 tum
387 3445 479 3527 quod
502 3445 608 3508 homo
628 3465 696 3507 non
721 3445 808 3508 sciat
830 3465 916 3526 quae
939 3447 1016 3521 scit,
1036 3447 1098 3509 sed
1117 3446 1177 3522 illi,
1198 3457 1233 3510 et
1254 3447 1301 3510 sic
1321 3445 1416 3529 quod

294 3541 409 3604 omnia
428 3559 514 3622 quae
534 3539 639 3602 homo
656 3540 751 3602 novit
769 3539 838 3602 sint
858 3539 1008 3603 abillis:
1037 3541 1128 3605 volui
1149 3542 1300 3624 pluribus
1319 3541 1416 3605 evin·

293 3657 370 3700 cere
383 3635 475 3718 quod
494 3655 562 3696 non
575 3634 623 3697 ita
639 3635 695 3709 sit,
710 3635 771 3698 sed
788 3636 970 3700 incassum.
1010 3633 1158 3717 Quinam
1175 3636 1416 3718 intelliguntur

294 3751 354 3814 per
373 3731 511 3812 spiritus
530 3739 565 3792 et
585 3731 722 3812 quinam
747 3750 807 3810 per
825 3730 981 3812 angelos,
1002 3732 1036 3794 in
1056 3734 1278 3816 sequentibus
1297 3733 1354 3796 ubi
1372 3734 1415 3797 de

294 3824 425 3888 Mundo
445 3821 630 3906 Spirituum
650 3825 822 3906 agendum
842 3835 907 3900 est,
928 3827 1070 3890 dicetur.

357 3933 452 4002 ²47.
486 3917 587 3999 Quod
604 3921 718 4001 angeli
734 3929 770 3983 et
790 3922 929 4002 spiritus
948 3942 985 3985 se
1002 3932 1073 3986 tam
1090 3921 1182 3986 arete
1202 3921 1415 4005 conjungant

293 4032 370 4076 cum
390 4013 540 4088 homine,
561 4035 664 4096 usque
681 4025 719 4079 ut
739 4035 807 4078 non
824 4016 926 4079 aliter
942 4017 1053 4080 sciant
1070 4036 1171 4100 quam
1190 4015 1311 4102 [quod]
1329 4037 1416 4100 quae

293 4108 442 4172 hominis
465 4117 545 4171 sunt
568 4129 629 4172 sua
648 4112 727 4184 sint,
748 4121 803 4175 est
826 4131 962 4196 quoque
985 4131 1098 4188 causa,
1119 4113 1198 4194 quia
1221 4111 1416 4196 conjunctio

294 4203 374 4268 talis
401 4213 455 4268 est
483 4204 574 4267 inter
600 4206 810 4288 spiritualem
842 4217 878 4271 et
908 4208 1100 4272 naturalem
1130 4209 1295 4272 mundum
1325 4207 1416 4291 apud

293 4299 480 4374 hominem,
500 4308 537 4361 ut
560 4301 656 4382 quasi
679 4321 782 4364 unum
807 4304 896 4380 sint;
929 4312 965 4365 at
987 4305 1065 4385 quia
1087 4303 1192 4367 homo
1217 4325 1254 4367 se
1277 4323 1416 4386 separa·

294 4404 392 4458 verat
415 4415 435 4457 a
459 4395 567 4468 caelo,
592 4397 763 4479 provisum
791 4407 845 4461 est
875 4418 895 4461 a
925 4397 1076 4462 Domino
1105 4409 1143 4463 ut
1173 4400 1264 4483 apud
1294 4418 1415 4463 unum·

294 4490 448 4573 quemvis
468 4490 641 4554 hominem
658 4503 775 4555 essent
792 4491 907 4574 angeli
927 4502 962 4556 et
982 4495 1131 4576 spiritus,
1146 4504 1182 4558 et
1201 4495 1293 4578 quod
1311 4495 1418 4558 homo

295 4605 356 4667 per
371 4584 451 4648 illos
468 4605 489 4648 a
506 4585 656 4652 Domino
669 4597 855 4670 regeretur,
870 4599 1011 4671 propter
1030 4608 1106 4653 earn
1123 4610 1262 4654 causam
1274 4600 1327 4654 est
1343 4600 1416 4654 tam
