3382 5358
308 670 458 722 GENTES
474 671 543 722 SEU
559 669 695 722 POPULI
712 670 842 722 ExTRn
858 670 1072 724 ECCLESIAM
1088 669 1128 719 IN
1145 669 1279 720 CAELO.
1329 671 1384 738 195

261 839 463 923 intelligens
482 861 581 906 esse:
606 841 697 924 quod
717 839 873 905 Verbum
892 840 1032 915 attinet,
1052 857 1128 902 cum
1151 839 1385 922 praelegerem

259 936 310 998 illi
333 936 461 1020 aliquid
485 957 530 999 ex
555 935 779 1018 Propheticis,
804 933 997 1000 delestatus
1021 943 1075 998 est
1098 953 1199 1016 quam
1223 935 1385 1010 maxime,

261 1032 442 1114 praecipue
462 1052 507 1094 ex
527 1051 581 1106 e0,
599 1033 690 1114 quod
710 1030 847 1112 singula
865 1031 1016 1106 nomina,
1036 1039 1072 1093 et
1096 1029 1252 1110 singulae
1271 1051 1385 1108 voces,

260 1125 496 1208 significarent
521 1127 694 1201 interiora,
719 1128 863 1190 miratus
889 1125 991 1188 valde
1014 1124 1106 1206 quod
1130 1125 1254 1188 eruditi
1284 1125 1386 1188 hodie

260 1243 329 1285 non
347 1219 564 1284 deledientur
581 1221 642 1286 tali
659 1221 785 1285 studio.
823 1221 963 1302 Percepi
978 1218 1170 1296 manifeste,
1188 1220 1279 1302 quod
1296 1221 1385 1284 inte-

258 1318 347 1382 riora
373 1317 445 1398 ejus
471 1317 696 1398 cogitationis
723 1337 783 1386 seu
813 1317 937 1380 mentis
964 1324 1086 1398 aperta
1112 1323 1239 1378 essent.
1285 1314 1385 1380 Dixit

259 1411 351 1494 quod
371 1432 440 1476 non
460 1412 582 1474 adesse
602 1421 732 1492 posset,
750 1411 828 1493 quia
847 1408 996 1474 sandtius
1016 1409 1207 1492 perciperet
1226 1430 1327 1492 quam
1348 1421 1385 1476 ut

260 1515 380 1586 posset
404 1507 586 1581 sustinere,
607 1508 657 1570 ita
680 1507 771 1570 enim
794 1505 937 1570 interius
960 1503 1182 1568 afficiebatur.
1227 1503 1385 1570 Tandem

257 1599 322 1664 suit
341 1620 456 1664 sermo
473 1621 550 1664 cum
569 1599 629 1664 illo
648 1601 691 1664 de
711 1600 873 1676 Domino,
890 1601 981 1682 quod
999 1609 1100 1664 natus
1116 1600 1160 1662 sit
1178 1598 1305 1676 Homo,
1323 1602 1384 1666 sed

260 1705 450 1778 conceptus
478 1715 498 1760 a
527 1695 613 1772 Deo,
634 1704 670 1760 et
697 1695 789 1778 quod
815 1695 951 1758 exuerit
978 1693 1163 1758 humanum
1191 1707 1383 1762 maternum

258 1809 299 1852 ac
319 1791 468 1854 induerit
489 1789 690 1854 Humanum
710 1789 882 1864 Divinum,
900 1799 936 1854 et
958 1789 1050 1872 quod
1073 1789 1137 1852 Ille
1160 1790 1205 1852 sit
1230 1791 1286 1872 qui
1310 1794 1383 1855 uni·

256 1904 392 1948 versum
421 1885 522 1967 regit.
572 1883 631 1948 Ad
660 1884 746 1948 haec
773 1885 953 1966 respondit
980 1884 1072 1966 quod
1099 1883 1197 1966 plura
1224 1887 1312 1950 sciat
1339 1887 1383 1949 de

259 1979 419 2056 Domino,
445 1990 481 2044 et
511 1981 710 2062 appercepit
738 1999 799 2042 suo
829 1979 934 2042 modo
963 1978 1055 2060 quod
1085 1998 1155 2041 non
1182 1979 1283 2044 aliter
1312 1979 1384 2044 fieri

258 2077 441 2157 potuisset,
459 2075 487 2138 si
507 2075 699 2138 salvaretur
717 2093 826 2156 genus
845 2073 1041 2136 humanum.
1088 2073 1226 2138 Interea
1245 2075 1382 2156 quidam

258 2169 444 2234 Christiani
464 2170 545 2233 mali
565 2169 791 2234 infundebant
814 2170 910 2232 varia
927 2169 1112 2248 scandala;
1146 2169 1207 2232 sed
1230 2167 1291 2232 illa
1313 2190 1382 2234 non

257 2265 411 2342 curabat,
438 2264 557 2328 dicens
579 2264 672 2346 quod
703 2283 773 2327 non
796 2264 918 2326 mirum
941 2264 998 2338 sit,
1018 2264 1098 2346 quia
1123 2263 1319 2329 imbuerunt
1348 2266 1383 2330 in

255 2361 329 2424 vita
348 2361 500 2442 corporis
518 2360 562 2422 de
580 2359 648 2422 illis
667 2379 737 2422 non
756 2357 853 2433 talia,
874 2359 964 2422 sicut
982 2357 1097 2433 decet,
1117 2369 1153 2422 et
1171 2359 1262 2441 quod
1281 2369 1381 2424 ante·

255 2476 357 2538 quam
386 2455 469 2518 talia
501 2453 657 2518 discussa
678 2454 815 2528 fuerint,
840 2473 909 2516 non
938 2453 1122 2518 admittere
1149 2464 1292 2538 possent
1322 2455 1382 2520 illa

254 2570 341 2633 quae
361 2550 580 2626 confirmant,
601 2550 690 2612 sicut
709 2550 730 2612 ii
750 2549 806 2631 qui
826 2549 999 2630 ignorant.

316 2657 414 2726 3²3.
445 2644 556 2728 Loqui
580 2645 687 2709 etiam
710 2645 830 2707 datum
853 2652 907 2706 est
932 2661 1009 2707 cum
1033 2641 1119 2718 aliis,
1144 2643 1200 2727 qui
1230 2645 1380 2728 antiquis

253 2739 467 2820 temporibus
491 2741 664 2812 vixerant,
689 2747 724 2802 et
754 2739 810 2820 qui
840 2747 923 2800 tunc
947 2737 1037 2800 inter
1060 2737 1287 2820 sapientiores
1309 2739 1380 2804 lue·

251 2844 341 2898 runt.
389 2833 465 2896 Visi
482 2835 626 2916 primum
640 2843 835 2896 antrorsum
852 2833 896 2896 ad
914 2831 1125 2907 distantiam,
1139 2853 1179 2896 ac
1195 2833 1241 2896 ibi
1256 2845 1382 2918 potue-

251 2939 330 2992 runt
349 2930 569 3011 appercipere
583 2930 747 2993 interiora
760 2929 1013 3008 cogitationum
1031 2947 1194 3000 mearum,
1208 2929 1255 2991 ita
1271 2931 1382 2996 multa

250 3023 374 3106 ple'ne;
400 3045 445 3088 ex
466 3045 534 3086 una
551 3024 629 3088 idea
649 3025 871 3106 cogitationis
891 3033 1078 3105 potuerunt
1103 3023 1188 3086 scire
1207 3024 1380 3112 integram

250 3121 385 3192 seriem,
408 3129 444 3183 et
468 3119 563 3182 illam
587 3116 847 3182 deledtabilibus
866 3119 1056 3200 sapientiae
1081 3137 1158 3181 cum
1179 3139 1380 3200 repraesen-

249 3213 441 3278 tationibus
473 3215 628 3278 amoenis
657 3213 810 3295 implere.
857 3213 942 3276 Inde
967 3222 1170 3296 perceptum
1200 3223 1263 3290 est,
1287 3217 1379 3298 quod

248 3309 339 3372 inter
363 3310 594 3391 sapientiores
618 3318 747 3384 essent,
773 3316 808 3371 et
839 3305 967 3371 dictum
992 3317 1058 3382 est,
1083 3307 1174 3390 quod
1197 3319 1313 3372 essent
1335 3311 1380 3374 ab

248 3405 408 3486 antiquis.
456 3403 511 3466 Ac
531 3404 578 3466 ita
595 3409 734 3485 propius
751 3412 993 3466 accesserunt:
1019 3421 1163 3485 cumque
1180 3411 1262 3468 tunc
1279 3425 1378 3486 prae·

248 3496 400 3581 legerem
420 3497 487 3561 illis
507 3497 634 3580 aliquid
654 3519 700 3561 ex
714 3497 844 3572 Verbo,
859 3515 1075 3578 summopere
1096 3494 1259 3560 deledtati
1276 3511 1377 3578 sunt;

247 3593 356 3674 ipsam
376 3590 648 3656 deledtationem
668 3603 705 3658 et
721 3591 974 3674 jucunditatem
997 3610 1113 3654 eorum
1136 3593 1376 3674 percipiebam,

247 3707 333 3770 quae
350 3689 502 3752 maxime
519 3689 599 3753 inde
616 3698 702 3763 erat,
717 3689 809 3771 quod
826 3688 941 3750 omnia
959 3696 995 3750 et
1013 3686 1149 3768 singula
1161 3706 1248 3768 quae
1260 3687 1377 3752 audie-

247 3783 331 3847 bant
347 3803 394 3847 ex
410 3783 542 3859 Verbo,
561 3784 764 3850 caelestium
781 3804 821 3848 ac
838 3782 1064 3864 spiritualium
1080 3783 1378 3864 repraesentativa

245 3886 281 3941 et
300 3877 530 3959 significativa
547 3889 675 3942 essent.
723 3879 905 3954 Dicebant,
921 3879 1011 3961 quod
1033 3897 1094 3940 suo
1115 3887 1281 3960 tempore,
1298 3896 1375 3940 cum

246 3972 279 4034 in
302 3974 433 4036 mundo
459 3976 631 4050 vixerunt,
653 3975 775 4037 modus
798 3993 915 4038 eorum
940 3973 1116 4054 cogitandi
1140 3982 1177 4036 et
1201 3971 1375 4054 loquendi,

244 4075 316 4131 tum
336 4089 473 4151 quoque
495 4069 678 4146 scribendi,
700 4069 780 4134 talis
798 4068 910 4144 fuerit,
932 4077 969 4132 et
987 4067 1079 4150 quod
1102 4066 1167 4130 hoc
1185 4067 1375 4148 sapientiae

245 4182 363 4228 eorum
385 4165 547 4228 studium.

306 4273 404 4343 324.
439 4258 540 4342 Quod
561 4271 678 4324 autem
696 4258 865 4335 Gentiles,
883 4260 940 4342 qui
956 4259 1059 4322 hodie
1077 4267 1168 4332 sunt,
1182 4259 1373 4333 concernit,

244 4349 292 4415 illi
316 4373 385 4416 non
414 4356 464 4418 ita
488 4356 664 4440 sapientes
688 4365 780 4430 sunt,
800 4356 862 4418 sed
890 4355 1043 4438 plerique
1063 4351 1236 4435 simplices
1259 4351 1373 4415 corde.

244 4446 296 4512 At
313 4469 420 4533 usque
439 4453 607 4534 recipiunt
622 4451 827 4534 sapientiam
846 4451 880 4514 in
897 4449 1006 4514 altera
1023 4450 1096 4512 vita
1115 4450 1136 4512 ii
1156 4469 1201 4512 ex
1220 4445 1297 4520 illis,
1315 4446 1373 4528 qui

244 4542 278 4606 in
303 4544 475 4611 charitate
496 4557 617 4611 mutua
639 4547 822 4610 vixerunt:
852 4545 895 4608 de
918 4545 1039 4627 quibus
1059 4561 1162 4606 unum
1180 4541 1371 4606 alterumve

245 4639 447 4723 exemplum
467 4640 550 4706 licet
568 4640 697 4706 afferre.
743 4637 830 4705 Cum
849 4637 917 4722 legi
937 4657 1011 4720 cap.
1032 4636 1114 4700 xvii.
1134 4645 1170 4701 et
1187 4635 1282 4700 xviii.
1301 4633 1370 4708 Ju-
