3368 5356
268 627 312 688 60
596 633 647 684 DE
669 631 796 684 cnuto
820 633 868 684 ET
892 631 1075 684 INFERNO.

331 804 408 887 96·
431 802 745 886 Correspondentia
756 803 901 870 duorum
910 821 1094 886 regnorum
1104 801 1190 868 caeli
1202 821 1280 869 cum
1292 805 1396 870 corde

268 909 305 966 et
327 899 502 983 pulmone,
520 907 574 964 est
593 899 783 963 communis
800 899 1105 982 correspondentia
1125 898 1211 964 caeli
1235 917 1313 963 cum
1331 898 1395 964 ho·

268 995 381 1074 mine;
406 995 516 1058 minus
535 996 727 1059 communis
746 1003 863 1060 autem
881 1004 936 1060 est
959 1013 1037 1058 cum
1055 993 1202 1076 singulis
1218 994 1392 1067 membris,

267 1090 417 1172 organis,
437 1100 474 1155 et
498 1091 686 1154 visceribus
705 1088 796 1172 ejus;
824 1110 912 1174 quae
930 1090 1040 1174 qualis
1063 1090 1119 1166 sit,
1138 1090 1244 1154 etiam
1263 1109 1394 1154 memo-

267 1186 406 1250 rabitur.
452 1182 519 1267 Qui
534 1186 568 1248 in
585 1184 741 1248 Maximo
755 1183 917 1262 Homine,
931 1185 987 1267 qui
1003 1193 1057 1248 est
1071 1184 1215 1260 caelum,
1230 1185 1264 1248 in
1280 1186 1394 1266 capite

267 1290 359 1356 sunt,
373 1281 407 1344 in
424 1281 518 1344 omni
534 1281 626 1345 bono
639 1300 721 1363 prae
733 1279 871 1362 reliquis
886 1289 966 1343 sunt
981 1301 989 1358 ;
1013 1289 1093 1343 sunt
1110 1280 1200 1343 enim
1217 1281 1251 1343 in
1265 1299 1392 1354 amore,

266 1394 363 1458 pace,
387 1375 596 1450 innocentia,
621 1375 801 1456 sapientia,
822 1372 1066 1456 intelligentia,
1086 1382 1124 1438 et
1153 1375 1233 1438 inde
1262 1375 1391 1456 gaudio

266 1478 303 1534 et
325 1469 512 1548 felicitate3
543 1469 578 1532 hi
595 1469 739 1534 influunt
765 1469 800 1532 in
823 1479 938 1550 caput,
955 1479 992 1534 et
1021 1470 1055 1532 in
1085 1469 1145 1532 illa
1164 1490 1251 1552 quae
1269 1471 1394 1550 capitis

267 1574 348 1628 sunt
358 1565 449 1647 apud
462 1564 647 1638 hominem,
661 1573 698 1628 et
710 1563 776 1627 illis
787 1563 1070 1645 correspondent.
1112 1562 1177 1646 Qui
1190 1565 1223 1628 in
1238 1563 1394 1630 Maximo

268 1653 504 1742 Homine'qui
520 1668 575 1723 est
592 1658 736 1734 caelum,
750 1659 783 1722 in
801 1655 940 1740 pestore
953 1670 1044 1734 sunt,
1058 1660 1093 1723 in
1107 1661 1201 1723 bono
1214 1660 1393 1724 charitatis

268 1763 305 1819 et
324 1753 402 1818 fidei
422 1764 513 1829 sunt,
532 1764 568 1818 et
587 1775 721 1837 quoque
741 1753 934 1816 influunt-in
954 1751 1074 1836 petrus
1086 1754 1244 1831 hominis,
1265 1765 1302 1820 et
1314 1776 1391 1820 cor·

266 1849 478 1930 respondent
494 1848 553 1912 illi.
600 1847 668 1930 Qui
686 1859 802 1912 autem
822 1849 855 1912 in
875 1847 1031 1913 Maximo
1051 1849 1203 1914 Homine
1219 1871 1279 1914 seu
1295 1851 1392 1915 caelo

267 1943 301 2006 in
331 1943 465 2018 lumbis,
490 1953 527 2007 et
547 1945 581 2006 in
609 1945 747 2024 organis
774 1944 991 2024 generationi
1014 1944 1139 2007 dicatis
1163 1944 1219 2021 ibi,
1243 1956 1333 2022 sunt,
1358 1947 1391 2010 in

265 2055 382 2104 amore
405 2038 590 2120 conjugiali
618 2048 709 2102 sunt.
756 2036 822 2120 Qui
849 2038 883 2101 in
912 2039 1066 2120 pedibus,
1091 2039 1125 2102 in
1152 2039 1246 2104 bono
1269 2039 1391 2104 ultimo

209 2203 211 2210 ,
265 2133 363 2210 caeli,
383 2134 474 2216 quod
494 2133 622 2198 bonurn
642 2132 798 2198 naturale
818 2132 996 2216 spirituale
1015 2143 1169 2210 vocatur,
1187 2143 1277 2198 sunt.
1323 2133 1392 2217 Qui

265 2229 299 2293 in
312 2229 459 2292 brachiis
475 2239 511 2292 et
528 2229 696 2304 manibus,
710 2229 744 2292 in
761 2229 920 2310 potentia
932 2228 1003 2292 veri
1018 2249 1064 2292 ex
1081 2229 1173 2292 bono
1186 2239 1277 2294 sunt.
1324 2228 1390 2310 Qui

265 2323 300 2387 in
319 2323 439 2400 oculis,
460 2325 494 2387 in
513 2320 694 2388 intelledtu
713 2331 804 2388 sunt.
851 2321 918 2405 Qui
941 2324 974 2386 in
995 2323 1142 2398 auribus,
1162 2324 1196 2386 in
1215 2325 1389 2388 ausculta·

265 2421 361 2484 tione
380 2429 416 2483 et
436 2419 636 2483 obedientia
656 2427 746 2480 sunt.
793 2416 860 2500 Qui
883 2419 917 2481 in
942 2418 1088 2492 naribuS,
1109 2418 1143 2481 in
1167 2420 1390 2500 perceptione

266 2524 356 2577 sunt.
402 2512 468 2594 Qui
496 2515 529 2576 in
556 2534 615 2577 ore
639 2523 674 2576 et
697 2513 824 2594 lingua,
849 2513 882 2575 in
906 2513 1196 2576 sermocinatione
1219 2534 1265 2576 ex
1288 2513 1389 2578 intel-

265 2604 357 2672 reatu
366 2617 401 2672 et
415 2609 636 2690 perceptione
646 2616 736 2671 sunt.
783 2605 849 2688 Qui
862 2608 895 2670 in
906 2608 1053 2682 renibus,
1066 2608 1099 2670 in
1113 2628 1194 2671 vero
1206 2606 1387 2682 lustrante,

265 2712 465 2766 secernente
485 2712 520 2766 et
544 2703 742 2784 castigante
765 2711 856 2764 sunt.
903 2700 970 2783 Qui
992 2703 1026 2766 in
1045 2703 1183 2784 hepate,
1204 2713 1388 2784 pancreate

265 2807 301 2862 et
331 2797 421 2861 liene
450 2805 542 2872 sunt,
566 2799 600 2860 in
631 2795 868 2880 purificatione
898 2797 980 2860 boni
1009 2805 1045 2861 et
1072 2798 1144 2860 veri
1171 2798 1264 2860 varia
1298 2807 1388 2862 sunt.

265 2891 381 2956 Aliter
403 2893 436 2954 in
460 2891 607 2973 reliquis.
655 2891 804 2955 Influunt
828 2893 862 2954 in
885 2891 1009 2954 similia
1031 2891 1191 2966 hominis,
1212 2901 1248 2956 et
1272 2911 1388 2956 corre·

265 2987 439 3070 spondent
462 2985 541 3050 illis.
587 2985 740 3050 Influxus
767 2985 855 3050 caeli
882 2997 937 3050 est
964 2987 997 3050 in
1025 2984 1217 3050 sundiiones
1242 2996 1278 3050 et
1308 3007 1388 3051 usus

265 3083 516 3158 membrorum;
547 3100 586 3144 ac
611 3101 701 3155 usus,
725 3081 803 3163 quia
826 3102 872 3144 ex
896 3081 1063 3164 spirituali
1087 3083 1215 3146 mundo
1235 3091 1327 3157 sunt,
1348 3102 1387 3146 se

264 3177 414 3240 formant
438 3195 498 3256 per
520 3175 605 3238 talia
627 3195 714 3258 quae
737 3177 771 3238 in
795 3176 943 3240 naturali
962 3175 1090 3240 mundo
1109 3186 1200 3254 sunt,
1220 3185 1256 3242 et
1279 3177 1326 3242 sic
1349 3197 1388 3242 se

264 3273 391 3336 sistunt
409 3273 443 3335 in
462 3269 604 3335 effectu:
629 3272 708 3336 inde
728 3281 782 3336 est
801 3273 1119 3355 correspondentia.

328 3379 399 3450 97·
429 3367 515 3430 Inde
531 3375 596 3442 est,
614 3368 704 3449 quod
722 3387 782 3449 per
797 3368 919 3431 eadem
937 3367 996 3432 illa
1012 3368 1175 3442 membra,
1190 3385 1334 3450 organa,
1351 3379 1388 3433 et

263 3462 405 3536 viscera,
430 3463 464 3524 in
495 3459 614 3524 Verbo
640 3461 877 3544 significentur
907 3462 1041 3538 similia,
1065 3461 1263 3545 significant
1292 3463 1384 3527 enim

264 3558 378 3620 omnia
400 3556 446 3620 ibi
465 3556 653 3620 secundum
672 3557 1015 3639 correspondentias:
1047 3578 1108 3640 per
1128 3557 1286 3640 “caput’'
1304 3559 1384 3622 inde

264 3650 474 3734 significatur
490 3650 721 3734 intelligentia
738 3663 774 3717 et
790 3653 979 3736 sapientia;
1003 3673 1064 3735 per
1082 3657 1101 3685 “
1112 3649 1257 3736 ρεέὶιιε”
1269 3651 1384 3716 chari·

663 3867 986 3920 (antumpnum)

316 3967 408 4042 Quod
427 3985 480 4024 cor
497 3970 731 4040 correspondeat
745 3969 804 4024 illis
822 3968 873 4108 ῗιιί
893 3969 923 4024 in
943 3984 1036 4040 regno
1050 3967 1170 4024 caelesti
1185 3977 1264 4030 sunt,
1280 3969 1385 4038 pulmo

262 4049 364 4096 autern
377 4039 498 4110 illisqui
512 4040 541 4094 in
556 4057 649 4111 regno
661 4039 808 4110 spirituali
835 4057 864 4094 ιι.
878 4038 929 4107 388
933 4039 1059 4108 5-3887).

317 4107 407 4182 Quod
421 4110 450 4164 in
464 4111 548 4166 caelo
560 4111 600 4166 sit
612 4111 714 4181 pulsus
722 4110 819 4182 qualis
831 4109 939 4174 cordis,
949 4121 981 4166 et
992 4109 1149 4182 respiratio
1159 4109 1256 4181 qualis
1266 4109 1383 4180 pulmo-

263 4197 344 4243 num,
357 4181 410 4236 sed
424 4181 582 4236 interiores
596 4183 635 4248 (n.
650 4181 727 4248 3884,
742 4179 819 4249 3885,
834 4179 924 4248 3887).

316 4250 406 4323 Quod
420 4252 523 4320 pulsus
534 4251 633 4306 cordis
649 4251 690 4305 ibi
705 4251 745 4305 sit
758 4250 859 4306 varius
871 4251 1036 4306 secundum
1049 4259 1146 4305 status
1157 4250 1277 4312 amoris,
1289 4260 1322 4305 et
1337 4265 1383 4305 re-

263 4321 387 4394 spiratio
399 4323 564 4378 secundum
578 4331 674 4376 status
686 4321 841 4376 charitatis
854 4332 885 4376 et
898 4321 967 4376 fidei
983 4325 1023 4391 (n.
1037 4321 1114 4390 3886,
1128 4321 1205 4390 3887,
1220 4321 1311 4390 3889).

316 4391 401 4448 “Cor
410 4393 426 4413 '¹
439 4393 520 4462 quod
538 4392 568 4446 in
583 4391 684 4447 Verbo
700 4391 739 4446 sit
757 4393 907 4454 voluntas,
924 4391 966 4446 ita
980 4399 1041 4447 “ex
1057 4391 1173 4447 corde''
1186 4392 1268 4464 quod
1286 4391 1327 4446 sit
1344 4405 1383 4447 ex

262 4461 419 4517 voluntate
434 4465 474 4530 (n.
488 4477 566 4532 2930·
580 4475 658 4530 7542,
673 4461 690 4515 8
713 4477 752 4523 ro,
765 4477 844 4530 9113,
862 4463 968 4586 10336).

304 4531 406 4660 0guod
425 4533 516 4588 etiarn
530 4541 545 4562 ‘¹
552 4549 606 4587 cor
613 4533 629 4554 ''
643 4533 673 4586 in
720 4533 793 4588 erbo
807 4531 885 4604 signi
907 4543 957 4589 cet
973 4548 1116 4596 amorem,
1132 4532 1175 4589 ita
1187 4540 1248 4590 “ex
1266 4529 1382 4588 corde'’

262 4619 303 4675 qu

358 4603 398 4659 sit
409 4619 447 4658 ex
459 4619 561 4660 amore
574 4603 615 4673 (n.
628 4615 644 4671 7
648 4615 707 4674 542,
720 4615 798 4674 9050,
815 4603 923 4674 10336).
