3368 5356
307 599 344 664 18
629 614 679 665 os
702 612 828 665 cnuto
852 613 900 664 st
923 613 1107 664 mutuno.

302 785 374 870 ejus
392 786 558 870 frigescit,
580 796 617 851 et
640 807 686 850 ex
710 787 902 870 privatione
925 778 997 868 esus
1015 783 1224 850 emoriturus>
1269 783 1339 852 Sed
1358 787 1425 852 sci·

302 883 430 948 endum
448 892 514 958 est,
534 883 625 965 quod
644 881 726 946 talis
744 883 817 946 vita
836 883 957 965 cuique
975 883 1031 958 sit,
1055 880 1166 964 qualis
1184 883 1215 946 ei
1234 901 1341 946 amor.

366 993 434 1061 15.
463 975 550 1041 Sunt
567 977 636 1040 bini
649 996 784 1041 amores
797 973 950 1041 distincti
966 975 1001 1040 in
1017 976 1127 1052 caelo,
1140 997 1238 1042 amor
1252 979 1287 1041 in
1304 975 1424 1040 Domi·

303 1091 384 1136 num
402 1081 439 1136 et
461 1091 558 1136 amor
576 1092 660 1154 erga
678 1073 894 1154 proximum3
926 1072 960 1134 in
983 1071 1106 1134 intimo
1126 1091 1185 1136 seu
1205 1073 1309 1135 tertio
1327 1071 1425 1136 caelo

302 1177 357 1231 est
375 1186 472 1230 amor
490 1168 525 1230 in
543 1167 740 1243 Dominum,
761 1176 797 1232 et
816 1167 850 1230 in
869 1165 1023 1230 secundo
1042 1187 1102 1230 seu
1121 1167 1235 1230 medio
1254 1166 1353 1231 caelo
1371 1177 1425 1231 est

302 1281 399 1326 amor
426 1282 509 1344 erga
537 1261 753 1346 proximum:
789 1272 932 1345 uterque
955 1263 1114 1344 procedit
1144 1281 1164 1325 a
1197 1262 1359 1338 Domino,
1384 1281 1423 1325 ac

302 1365 446 1440 uterque
469 1357 551 1421 lacit
574 1357 719 1421 caelum.
775 1355 961 1438 Quomodo
985 1357 1055 1420 bini
1078 1377 1214 1421 amores
1241 1377 1278 1422 se
1301 1357 1424 1420 distin·

301 1463 423 1535 guunt,
441 1463 478 1517 et
497 1453 671 1536 quomodo
686 1471 724 1516 se
741 1451 965 1533 conjungunt,
984 1463 1083 1534 patet
1102 1453 1135 1516 in
1152 1453 1333 1516 manifesta
1349 1452 1424 1516 luce

302 1549 336 1610 in
358 1547 468 1623 caelo,
489 1559 525 1611 at
549 1567 619 1611 non
642 1547 706 1610 nisi
728 1567 831 1630 quam
850 1547 995 1611 obscure
1018 1549 1052 1610 in
1076 1547 1215 1611 mundo.
1262 1547 1302 1611 In
1326 1547 1424 1612 caelo

302 1661 363 1724 per
380 1661 495 1706 amare
515 1641 701 1706 Dominum
724 1661 793 1705 non
816 1640 1022 1724 intelligitur
1040 1661 1156 1705 amare
1176 1642 1295 1724 Ipsum·
1311 1643 1423 1725 quoad

301 1757 495 1820 personam,
507 1737 568 1801 sed
581 1755 697 1805 amare
709 1736 835 1800 bonum
849 1737 941 1819 quod
954 1737 998 1799 ab
1011 1736 1102 1820 ipso,
1116 1746 1152 1800 et
1166 1755 1280 1800 amare
1293 1737 1422 1802 bonum

301 1841 356 1896 est
374 1831 465 1896 velle
483 1841 520 1894 et
538 1831 650 1894 lacere
669 1831 796 1894 bonum
815 1851 861 1894 ex
880 1850 1017 1910 amore;
1040 1841 1077 1894 et
1097 1851 1156 1914 per
1173 1851 1289 1897 amare
1305 1833 1422 1916 proxi-

303 1945 394 1991 mum
418 1947 487 1990 non
506 1926 713 2008 intelligitur
731 1945 846 1989 amare
865 1926 995 1989 socium
1015 1925 1128 2009 quoad
1147 1945 1341 2009 personam,
1361 1928 1421 1991 sed

301 2041 417 2085 amare
439 2041 557 2086 verum
580 2021 673 2106 quod
696 2041 743 2084 ex
766 2018 896 2096 Verbo,
916 2029 952 2084 et
975 2039 1090 2084 amare
1113 2039 1230 2084 verum
1254 2030 1309 2088 est
1332 2022 1422 2086 velle

301 2125 337 2180 et
356 2115 467 2180 lacere
484 2135 624 2180 verum:
649 2115 728 2179 inde
747 2123 856 2197 patet,
876 2114 968 2198 quod
987 2115 1058 2178 bini
1076 2115 1125 2178 illi
1144 2134 1278 2180 amores
1297 2137 1334 2181 se
1352 2117 1421 2180 dis-

301 2212 463 2293 tinguant
486 2211 575 2274 sicut
597 2211 725 2274 bonum
748 2219 785 2274 et
812 2228 941 2286 verum,
967 2219 1003 2274 et
1026 2210 1117 2293 quod
1147 2231 1184 2274 se
1208 2211 1421 2294 conjungant

300 2307 389 2371 sicut
405 2306 531 2370 bonum
545 2323 622 2370 cum
635 2302 764 2369 vero.l³‘l
808 2303 877 2368 Sed
894 2304 979 2368 haec
992 2325 1096 2387 aegre
1113 2305 1241 2370 cadunt
1258 2308 1291 2370 in
1307 2307 1420 2371 ideam

301 2399 459 2476 hominis,
488 2401 544 2482 qui
574 2419 643 2463 non
670 2401 737 2464 scit
766 2399 847 2482 quid
874 2417 981 2475 amor,
1006 2399 1086 2482 quid
1114 2400 1253 2477 bonum,
1273 2411 1310 2466 et
1339 2401 1419 2484 quid

301 2491 526 2576 proximuslu

364 2590 433 2656 16.
463 2589 617 2653 Locutus
640 2607 715 2652 sum
738 2587 921 2671 aliquoties
944 2607 1022 2652 cum
1045 2587 1179 2670 angelis
1202 2589 1333 2653 dehac
1360 2609 1419 2669 re;

299 2683 356 2766 qui
379 2683 553 2758 dixerunt,
574 2685 665 2767 quod
685 2684 851 2747 mirentur
869 2684 960 2766 quod
983 2683 1139 2747 homines
1158 2683 1326 2748 ecclesiae
1350 2703 1419 2749 non

299 2779 423 2855 sciant,
454 2779 545 2862 quod
574 2799 689 2842 amare
720 2779 904 2842 Dominum
934 2788 970 2842 et
1004 2799 1119 2842 amare
1150 2781 1344 2860 proximum
1374 2781 1420 2845 sit

298 2892 414 2938 amare
426 2875 554 2938 bonum
566 2883 602 2938 et
620 2893 749 2950 verum,
762 2883 799 2937 et
815 2893 860 2937 ex
876 2873 967 2936 uelle
978 2873 1089 2937 facere
1105 2873 1164 2937 illa
1178 2895 1186 2954 ;
1210 2893 1289 2940 cum·
1301 2885 1419 2940 tamen

299 2969 386 3032 scire
405 2969 551 3051 possint,
571 2970 664 3051 quod
682 2967 823 3052 quisque
842 2977 993 3032 testetur
1011 2987 1163 3032 amorem
1187 2989 1247 3052 per
1268 2969 1359 3034 velle
1382 2978 1419 3034 et

297 3062 410 3128 lacere
426 3084 513 3146 quae
529 3063 616 3128 alter
631 3063 717 3139 vult,
734 3072 771 3127 et
790 3063 881 3146 quod
898 3063 946 3127 sic
966 3072 1098 3126 ametur
1113 3064 1263 3128 vicissim
1279 3075 1315 3130 et
1334 3085 1418 3130 con-

295 3157 460 3240 jungatur
480 3159 556 3242 ipsi,
576 3167 612 3222 et
635 3177 705 3221 non
727 3177 788 3241 per
806 3157 897 3240 quod
916 3167 1010 3221 amet
1034 3157 1140 3235 illum,
1160 3169 1197 3224 et
1220 3165 1326 3243 usqu'e
1349 3179 1418 3224 non

298 3251 517 3317 voluntatem
527 3253 616 3317 illius
629 3252 721 3329 iacit,
732 3253 824 3336 quod
835 3253 867 3316 in
882 3271 919 3316 se
931 3261 986 3316 est
999 3271 1068 3316 non
1078 3273 1192 3318 amare
1206 3273 1213 3318 :
1234 3265 1270 3320 et
1283 3274 1419 3338 quoque

298 3347 390 3431 quod
413 3349 547 3432 possint
566 3349 662 3426 scire,
682 3347 774 3431 quod
793 3347 921 3410 bonum
940 3347 1133 3430 procedens
1157 3369 1178 3412 a
1200 3349 1351 3414 Domino
1373 3352 1419 3414 sit

698 3606 737 3659 (ιι
745 3615 843 3650 muro
854 3606 1017 3660 mmm)

352 3719 395 3792 (a)
416 3717 506 3793 Quod
522 3735 607 3776 amor
624 3719 664 3776 sit
682 3719 691 3773 i
735 3719 760 3774 is
772 3718 860 3783 vitae,
873 3728 905 3774 et
922 3719 1004 3790 quod
1024 3717 1089 3790 ipsa
1103 3718 1166 3774 vita
1177 3716 1336 3776 actualiter
1349 3721 1419 3778 inde

297 3792 339 3848 sit
353 3795 393 3862 (n.
407 3789 487 3862 4906,
503 3804 579 3860 5071,
592 3790 671 3860 6032,
703 3792 776 3860 314).

353 3907 397 3976 (κ)
417 3904 507 3980 Quod
528 3922 628 3962 amare
649 3903 812 3961 Dominum
835 3913 866 3960 et
887 3905 1056 3976 proximum
1075 3904 1115 3960 sit
1135 3903 1238 3960 vivere
1252 3907 1416 3962 secundum

297 3989 457 4049 praecepta
469 3977 590 4034 Domini
606 3979 646 4045 (n.
663 3991 755 4046 10143,
772 3991 817 4030 ror
824 3988 864 4045 53,
881 3989 973 4045 10310,
990 3975 1207 4046 10578,10648).

352 4097 399 4168 (y)
449 4096 509 4151 uod
522 4111 622 4151 amare
630 4095 799 4167 proximum
812 4109 872 4150 non
885 4093 925 4149 sit
938 4109 1038 4149 amare
1048 4109 1215 4165 personam.
1226 4095 1279 4150 sed
1293 4095 1322 4150 id
1336 4096 1418 4167 quod

297 4177 344 4225 est
353 4183 412 4238 spu
444 4167 528 4222 illum
538 4183 575 4222 ex
584 4183 645 4238 quo
654 4166 713 4228 ille,
724 4166 768 4220 ita
775 4175 919 4220 sentinet
928 4165 1040 4220 bonum
1053 4167 1093 4235 (n.
1104 4163 1198 4236 5⁰²5[?
1210 4165 1299 4236 5028],
1311 4167 1418 4250 10336).

339 4237 411 4365 3οἱ
430 4248 533 4293 amant
547 4253 715 4308 personam,
731 4246 763 4292 et
786 4252 847 4290 non
863 4235 945 4308 quod
960 4245 1007 4291 est
1022 4236 1102 4308 apud
1119 4236 1202 4292 illum
1221 4251 1259 4292 ex
1282 4253 1345 4309 quo
1361 4238 1418 4300 rlle,

297 4325 337 4382 qu
392 4319 495 4364 ament
507 4323 602 4379 aeque
615 4307 727 4362 malum
739 4323 775 4362 ac
787 4307 900 4362 bonum
916 4308 957 4374 (n.
971 4307 1062 4376 3820).

351 4379 442 4518 quod
453 4378 587 4436 charitas
601 4378 641 4434 sit
656 4377 734 4434 velle
747 4393 819 4434 vera
833 4386 864 4433 et
878 4375 956 4433 affici
970 4375 1049 4432 veris
1060 4387 1185 4449 propter
1197 4391 1270 4434 vera
1286 4379 1326 4448 (o.
1340 4377 1419 4449 3876,

299 4449 841 4594 3879irodelraritsuergaproximum
851 4517 1253 4659 sitlaeerebonum,dr¹1;;t)rm
1263 4517 1418 4577 etreflunr

298 4593 329 4648 in
341 4593 425 4650 omni
437 4607 528 4665 opere
540 4601 572 4650 et
584 4591 616 4648 io
627 4591 710 4650 omni
723 4587 879 4647 iunctione
892 4593 933 4660 (n.
946 4589 1027 4655 8120,
1040 4591 1121 4654 8¹21,
