3350 5366
253 685 320 753 Qtn
334 685 376 736 m
388 685 571 738 meamus
581 685 689 748 sunt,
702 685 741 736 m
756 687 872 748 unus
884 687 1036 738 arruns
1047 686 1175 738 nausis
1187 687 1295 740 suut.
1316 687 1377 760 ³57

252 858 301 926 ita
330 858 375 928 ad
408 855 632 941 conspeiium
651 857 759 940 agniti
788 867 869 927 sunt
893 856 1012 940 quales
1042 867 1132 922 sunt.
1179 858 1218 924 ln
1248 879 1377 941 genere

251 963 332 1021 sunt
360 953 492 1020 formae
522 961 744 1035 contemptus
773 953 929 1028 aliorum,
950 953 1117 1016 minarum
1147 963 1272 1020 contra
1299 953 1377 1020 ilios

252 1049 309 1131 qui
331 1069 369 1114 se
392 1069 462 1114 non
485 1058 720 1125 venerantur;
744 1058 824 1114 sunt
843 1048 972 1114 formae
992 1048 1148 1112 odiorum
1166 1049 1250 1114 varii
1268 1069 1376 1131 gene·

251 1145 319 1223 τῖες
344 1155 424 1210 sunt
447 1144 578 1210 formae
596 1141 824 1211 vindlstarum
846 1145 953 1208 etiam
971 1143 1055 1206 varii
1077 1145 1238 1226 generis;
1264 1145 1377 1210 saeuis

252 1240 322 1304 tiae
345 1249 381 1308 et
404 1239 631 1304 crudelitates
653 1259 699 1302 ex
719 1238 938 1302 interioribus
962 1258 1022 1319 per
1038 1237 1116 1304 illas
1133 1248 1376 1322 transparentt

251 1345 288 1398 at
312 1353 390 1398 cum
413 1335 470 1398 alii
494 1335 572 1398 illos
596 1334 752 1411 laudant,
776 1343 996 1408 venerantur,
1020 1344 1056 1400 et
1080 1333 1211 1412 colunt,
1235 1347 1377 1400 contra-

251 1429 342 1496 hitur
359 1429 464 1496 facies
487 1449 617 1504 eorum,
637 1438 674 1492 et
699 1437 843 1512 apparet
866 1429 957 1492 sicut
980 1428 1110 1494 laetum
1140 1449 1186 1495 ex
1214 1428 1376 1511 jucundo.

252 1522 384 1591 Omnes
402 1525 532 1590 formae
551 1524 643 1600 illae,
660 1524 780 1607 quales
799 1533 981 1606 apparent,
1002 1543 1071 1588 non
1091 1525 1210 1606 paucis
1229 1525 1377 1590 describi

251 1629 383 1702 potest,
401 1640 470 1684 non
488 1621 581 1686 enim
601 1639 668 1686 uns
686 1629 742 1686 est
761 1619 882 1685 similis
900 1619 1024 1698 alteri;
1054 1620 1160 1684 modo
1175 1621 1266 1684 inter
1285 1619 1375 1694 illos,

251 1716 308 1798 qui
325 1716 358 1780 in
375 1714 476 1780 simili
493 1713 586 1780 malo
602 1723 694 1790 sunt,
708 1724 745 1780 et
760 1714 839 1780 inde
856 1714 890 1778 in
907 1714 1008 1778 simili
1022 1715 1192 1778 societate
1208 1714 1375 1790 infernali,

251 1819 305 1874 est
321 1811 514 1876 similitudo
529 1811 733 1886 communis,
751 1830 796 1875 ex
812 1830 880 1892 qua
895 1811 984 1874 sicut
1000 1829 1046 1872 ex
1065 1809 1172 1890 plano
1188 1809 1376 1874 derivatio·

252 1907 305 1972 nis
322 1914 490 1988 apparent
507 1904 612 1970 facies
631 1903 842 1987 singulorum
860 1905 907 1968 ibi
925 1905 959 1968 in
977 1905 1126 1987 quadam
1143 1905 1375 1970 similitudine.

253 2001 292 2066 In
312 2021 440 2084 genere
459 2010 539 2066 sunt
559 2000 663 2064 facies
681 2020 800 2066 eorum
816 2002 921 2074 dirae,
940 2010 976 2066 et
995 2010 1161 2082 expertes
1176 2001 1269 2064 vitae
1288 2003 1377 2066 sicut

251 2097 480 2163 cadaverum:
505 2096 719 2180 quorundam
742 2105 823 2170 sunt
849 2097 992 2178 nigrae;
1024 2095 1238 2178 quorundam
1268 2097 1377 2166 instar

251 2191 437 2258 facularum
450 2192 574 2274 igneae
589 2211 598 2269 ;
621 2191 833 2272 quorundam
850 2211 895 2254 ex
912 2189 1071 2272 pustulis,
1087 2192 1211 2254 varicis
1227 2200 1263 2254 et
1283 2190 1375 2254 ulce-

251 2287 343 2352 ribus
358 2305 536 2364 enormes;
559 2285 650 2367 apud
671 2285 785 2367 plures
804 2305 873 2350 non
893 2295 1064 2368 apparent
1084 2285 1198 2361 facies,
1216 2287 1278 2349 sed
1297 2285 1376 2350 loco

252 2381 341 2446 iliius
364 2381 531 2446 hirsutum
565 2381 658 2464 quid,
682 2391 742 2446 aut
769 2401 929 2458 osseum;
964 2382 1055 2464 apud
1078 2381 1246 2463 quosdam
1271 2382 1377 2446 modo

252 2487 396 2542 exstant
414 2479 538 2542 dentes
552 2499 560 2556 ;
584 2497 729 2560 corpora
745 2497 862 2540 eorum
879 2479 985 2544 etiam
1001 2488 1199 2542 monstrosa
1212 2488 1291 2542 sunt
1307 2500 1314 2554 ;
1339 2489 1376 2547 et

252 2572 390 2656 loquela
409 2593 527 2638 eorum
547 2574 636 2639 sicut
655 2594 701 2638 ex
720 2573 779 2644 ira,
798 2582 858 2638 aut
882 2593 927 2638 ex
947 2573 1039 2650 odio,
1059 2584 1119 2640 aut
1142 2595 1188 2638 ex
1211 2571 1375 2650 vindifta,

252 2689 332 2733 nam
351 2670 493 2752 quisque
509 2668 662 2751 loquitur
677 2687 723 2732 ex
742 2687 804 2732 suo
823 2667 920 2744 falso,
940 2677 977 2732 et
994 2678 1097 2734 sonat
1116 2690 1162 2734 ex
1181 2687 1243 2732 suo
1263 2669 1374 2732 malo:

251 2765 370 2839 verbo,
390 2773 470 2827 sunt
490 2783 610 2828 omnes
634 2763 685 2828 sui
708 2762 829 2828 inferni
847 2763 1027 2845 imagines.
1073 2763 1188 2845 Ipsum
1208 2763 1376 2828 infernum

252 2859 286 2922 in
305 2859 479 2924 communi
498 2859 532 2922 in
551 2879 618 2940 qua
637 2857 746 2922 forma
763 2868 831 2934 est,
846 2877 915 2922 non
935 2858 1054 2924 datum
1070 2868 1125 2924 est
1142 2859 1277 2936 videre3
1301 2859 1374 2921 dic-

252 2965 326 3018 tum
341 2955 446 3018 modo
462 2963 528 3028 est,
545 2954 638 3036 quod
657 2955 746 3017 sicut
766 2954 960 3018 universum
976 2953 1110 3020 caelum
1135 2953 1168 3016 in
1191 2975 1259 3018 uno
1280 2973 1375 3026 coms

253 3049 359 3132 plexu
385 3051 510 3114 referat
533 3069 637 3114 unum
662 3049 850 3114 Hominem
876 3047 924 3134 (n.
947 3048 1077 3132 59-67),
1102 3050 1151 3112 ita
1180 3051 1376 3116 universum

253 3145 419 3210 infernum
435 3148 468 3209 in
486 3165 554 3208 uno
570 3145 755 3227 complexu
771 3144 896 3208 referat
913 3163 1016 3208 unum
1033 3143 1218 3218 diabolum,
1237 3153 1272 3208 et
1289 3165 1374 3227 quo·

192 3248 196 3255 '
252 3261 318 3323 qne
336 3242 428 3324 quod
447 3243 523 3305 sisti
541 3242 652 3322 possit
671 3241 705 3304 in
725 3240 823 3302 unius
843 3239 971 3304 diaboli
990 3238 1103 3321 effigie
1124 3238 1300 3321 (videatur
1319 3259 1375 3314 su·

254 3356 326 3418 pra,
347 3356 379 3400 n.
405 3335 492 3418 544).
538 3335 606 3400 Sed
629 3337 663 3399 in
687 3335 780 3416 quali
802 3334 912 3398 forma
934 3343 1014 3398 sunt
1038 3334 1169 3398 inferna
1191 3335 1225 3398 in
1248 3334 1374 3415 specie,

253 3451 313 3496 seu
336 3431 520 3495 infernales
543 3432 743 3505 societates,
764 3429 899 3511 saepius
923 3430 1040 3494 videre
1063 3430 1182 3494 datum
1206 3438 1270 3504 est,
1295 3449 1375 3494 nam

253 3528 297 3590 ad
316 3535 495 3610 aperturas
511 3525 657 3600 illorum,
674 3545 762 3607 quae
781 3533 951 3588 vocantur
969 3533 1092 3606 portae
1110 3523 1242 3599 inferni,
1260 3523 1375 3605 utplu-

253 3622 375 3688 rimum
394 3629 536 3703 apparet
554 3629 758 3694 monstrum,
778 3619 870 3702 quod
888 3619 923 3682 in
942 3621 1116 3684 communi
1134 3628 1376 3702 repraesentat

253 3718 398 3782 formam
421 3717 555 3779 illorum
579 3716 635 3798 qui
661 3715 744 3778 inibi
768 3726 869 3778 sunt:
901 3715 1067 3780 saevitiae
1089 3735 1219 3790 eorum,
1242 3715 1300 3798 qui
1329 3714 1376 3780 ibl

254 3821 343 3886 sunt,
363 3813 469 3876 etiam
492 3811 591 3874 simul
615 3822 697 3874 tunc
716 3819 1021 3894 repraesentantur
1042 3830 1102 3892 per
1124 3811 1197 3876 dira
1219 3821 1257 3876 et
1279 3821 1375 3874 atro·

254 3910 318 3982 cia,
332 3928 419 3990 quae
435 3927 626 3970 memorare
642 3905 893 3988 supersedetur.
939 3904 991 3970 At
1007 3907 1184 3970 scientium
1199 3917 1265 3982 est,
1284 3906 1376 3988 quod

254 4005 390 4087 spiritus
409 4001 592 4065 infernales
610 4011 801 4082 appareant
820 3999 909 4064 tales
933 4001 967 4064 in
987 4001 1063 4064 luce
1082 4001 1181 4074 caeli,
1202 4003 1263 4066 sed
1286 4003 1377 4066 inter

254 4119 291 4163 se
314 4099 404 4162 sicut
426 4098 603 4174 homines;
634 4097 699 4160 hoc'
723 4117 769 4160 ex
793 4097 1027 4160 misericordia
1046 4096 1198 4170 Domini,
1219 4116 1262 4160 ne
1285 4098 1377 4162 inter

254 4213 291 4258 se
307 4196 413 4258 etiam
427 4193 612 4257 foeditates
627 4193 707 4266 sint,
722 4193 810 4255 sicut
826 4203 995 4274 apparent
1008 4211 1124 4256 coram
1137 4191 1290 4273 angelis:
1316 4190 1378 4256 sed

255 4291 458 4373 apparentia
481 4288 540 4352 illa
570 4297 626 4352 est
654 4289 803 4361 fallacia,
828 4308 907 4350 nam
931 4289 1116 4370 utprimum
1138 4286 1268 4370 aliquid
1292 4285 1378 4353 lucis
1428 4277 1431 4286 ¹

255 4405 275 4450 e
305 4386 404 4449 caelo
434 4383 642 4459 immittitur,
670 4384 840 4448 humanae
869 4383 1008 4448 illorum
1037 4383 1167 4446 formae
1196 4391 1379 4450 vertuntur

256 4481 289 4543 in
306 4491 532 4555 monstrosas,
550 4478 668 4562 quales
687 4479 720 4541 in
738 4499 775 4541 se
794 4487 884 4552 sunt,
902 4479 945 4542 de
962 4479 1083 4560 quibus
1099 4497 1221 4560 supra;
1245 4497 1325 4542 nam
1344 4479 1378 4544 in

257 4576 332 4640 luce
351 4575 438 4639 caeli
454 4585 600 4657 apparet
616 4593 717 4637 omne
734 4573 822 4637 sicut
841 4575 874 4636 in
894 4593 931 4637 se
950 4581 1012 4637 est.
1058 4573 1144 4637 Inde
1160 4593 1296 4657 quoque
1315 4584 1378 4648 est,

257 4671 348 4754 quod
372 4669 484 4734 lucem
502 4669 589 4734 caeli
606 4669 752 4751 fugiant,
772 4677 809 4733 et
831 4669 866 4732 in
889 4687 986 4732 suum
1004 4667 1118 4732 lumen
1144 4691 1181 4733 se
1204 4669 1379 4752 dejiciant,
