3382 5358
648 639 697 690 ou
721 637 855 690 srarro
879 637 919 688 1u
942 635 1079 688 cauno.
1106 609 1110 616 ’
1360 639 1418 705 1¹3

298 799 408 894 patet,
422 809 514 893 quod
530 809 695 876 distantia
712 809 856 892 proinde
868 809 980 892 spatia
996 809 1063 872 sint
1082 827 1218 890 prorsus
1231 807 1417 871 secundum

297 914 413 969 status
432 907 631 969 interiorum
651 905 741 987 apud
761 904 906 986 angelos
923 899 998 981 3tlsll
1021 912 1057 966 et
1076 903 1154 988 quia
1173 903 1222 968 ita
1240 912 1305 974 est,
1327 903 1417 984 quod

297 1001 395 1064 notio
417 1009 453 1064 et
479 1000 557 1064 idea
580 1001 682 1082 spatii
705 1020 774 1064 non
804 1001 838 1062 in
862 999 1112 1080 cogitationem
1132 997 1267 1062 illorum
1291 998 1418 1064 intrare

297 1096 417 1177 possit,
438 1097 578 1158 tametsi
595 1095 685 1176 apud
704 1094 782 1158 illos
800 1115 908 1176 aeque
928 1094 1040 1176 spatia
1058 1102 1137 1156 sunt
1155 1103 1192 1156 ut
1212 1093 1245 1156 in
1264 1093 1402 1156 mundo.

359 1188 460 1269 196.
491 1189 568 1254 Hoc
592 1190 755 1254 illustrari
779 1200 896 1272 potest
921 1209 981 1272 per
1003 1189 1238 1270 cogitationes
1256 1187 1415 1260 hominis,

296 1285 386 1368 quod
403 1304 467 1348 nec
484 1285 550 1348 illis
566 1287 679 1367 spatia
694 1286 773 1358 sint,
791 1304 870 1348 nam
886 1285 1054 1348 sistuntur
1070 1283 1100 1346 ei
1116 1284 1204 1348 sicut
1221 1284 1416 1366 praesentia

295 1380 923 1462 quaecogitationeintenseintuetur.
961 1377 1066 1442 Novit
1077 1378 1181 1442 etiam
1193 1374 1414 1459 quireflet‘tit.

294 1474 386 1557 quod
409 1493 472 1539 nec
495 1476 581 1538 visui
600 1473 671 1556 ejus
695 1477 764 1538 sint
787 1475 899 1558 spatia
923 1474 987 1538 nisi
1010 1491 1111 1556 quam
1135 1494 1181 1536 ex
1204 1473 1416 1536 intermediis

294 1569 327 1631 in
350 1569 474 1634 tellure
492 1589 580 1652 quae
599 1569 700 1632 simul
719 1570 825 1645 videt,
846 1577 906 1634 aut
929 1589 974 1633 ex
998 1568 1200 1649 cognitione
1218 1567 1308 1652 quod
1328 1568 1415 1632 sciat

293 1664 384 1746 quod
404 1674 541 1728 tantum
562 1664 704 1728 distent.
752 1663 829 1728 Hoc
853 1663 892 1728 fit
915 1665 993 1746 quia
1016 1674 1069 1726 est
1089 1663 1300 1737 continuum,
1321 1672 1357 1728 et
1380 1664 1414 1728 in

293 1760 458 1824 continuo
480 1779 550 1822 non
574 1768 718 1842 apparet
738 1759 871 1824 distans
891 1759 954 1822 nisi
977 1779 1022 1824 ex
1045 1757 1112 1822 illis
1131 1778 1218 1842 quae
1238 1777 1307 1822 non
1330 1777 1412 1824 con-

293 1855 388 1918 tinua
407 1865 498 1918 sunt.
544 1853 621 1918 Hoc
642 1855 752 1936 magis
776 1853 813 1917 fit
835 1853 926 1938 apud
949 1852 1105 1936 angelos,
1125 1853 1203 1936 quia
1222 1854 1313 1918 visus
1336 1853 1412 1917 illo-

291 1967 365 2013 rum
381 1969 484 2012 unum
502 1951 574 2032 agit
591 1968 667 2012 cum
684 1949 899 2031 cogitatione
911 1948 1058 2022 illorum,
1073 1958 1108 2012 et
1124 1949 1293 2030 cogitatio
1309 1969 1411 2012 unum

292 2065 368 2108 cum
387 2043 576 2120 affectione,
598 2055 633 2109 et
657 2047 736 2128 quia
760 2046 949 2128 propinqua
972 2053 1008 2108 et
1032 2053 1165 2108 remota
1184 2055 1352 2127 apparent
1376 2055 1411 2108 et

291 2159 425 2224 quoque
444 2142 620 2210 variantur
638 2141 826 2206 secundum
849 2149 963 2206 status
986 2141 1184 2204 interiorum
1204 2139 1352 2212 illorum,
1373 2149 1410 2204 ut

292 2253 393 2316 supra
411 2232 540 2298 dictum
560 2245 625 2300 est.

354 2355 449 2424 197.
480 2341 565 2404 Inde
588 2351 653 2416 est,
673 2341 765 2423 quod
789 2339 824 2403 in
845 2339 965 2404 Verbo
983 2359 1044 2422 per
1066 2337 1144 2404 loca
1165 2349 1200 2404 et
1230 2321 1353 2422 spatia,
1373 2353 1409 2406 et

291 2454 351 2518 per
366 2436 480 2498 omnia
496 2456 582 2518 quae
601 2455 621 2498 a
639 2437 753 2518 spatio
769 2435 895 2519 aliquid
915 2434 1067 2510 trahunt,
1082 2433 1315 2516 significentur
1327 2437 1409 2502 talia

291 2547 378 2612 quae
397 2539 508 2593 status
535 2539 636 2608 sunt;
667 2532 754 2594 sicut
785 2551 845 2614 per
865 2530 1107 2604 “distantias’'
1125 2531 1411 2614 “propinquum''

292 2623 577 2708 “longinquum''
603 2625 733 2701 “vias,”
762 2623 946 2698 “itinera'’
971 2625 1325 2708 “peregrinationes''
1348 2647 1409 2710 per

292 2719 506 2792 “milliaria'’
531 2720 704 2794 “stadia’'
733 2741 793 2803 per
817 2712 1016 2802 “campos”
1041 2719 1203 2802 “agros'’
1228 2721 1408 2796 “hortos''

291 2813 451 2888 “urbes'’
465 2813 658 2896 “plateas,”
674 2834 734 2896 per
748 2815 921 2891 “motus''
934 2835 994 2898 per
1008 2820 1213 2880 “mensuras
1220 2815 1236 2842 ”
1247 2819 1330 2880 varii
1346 2838 1406 2900 ge-

290 2909 389 2982 neris,
401 2929 460 2991 per
471 2914 492 2942 ‘⁴
501 2909 672 2991 longum,”
684 2917 704 2944 “
716 2909 853 2984 latum,”
864 2915 885 2943 “
896 2909 1036 2986 altum,”
1049 2919 1084 2974 et
1096 2916 1116 2943 “
1126 2910 1359 2992 profundum,”
1371 2922 1406 2976 et

289 3023 349 3085 per
361 3005 620 3070 innumerabilia
632 3005 719 3070 alia:
745 3025 824 3070 nam
839 3005 1012 3088 pleraque,
1026 3025 1112 3088 quae
1126 3007 1214 3088 apud
1232 3007 1404 3070 hominem

289 3099 321 3162 in
341 3101 554 3180 cogitatione
570 3099 640 3182 ejus
657 3122 676 3164 e
692 3101 820 3164 mundo
836 3111 928 3175 sunt,
945 3100 1072 3182 aliquid
1091 3121 1111 3162 a
1130 3102 1243 3182 spatio
1261 3111 1297 3165 et
1316 3113 1404 3164 tem·

288 3213 371 3274 pore
394 3193 546 3257 trahunt.
592 3193 707 3258 Velim
734 3195 845 3258 solum
876 3196 909 3258 in
937 3195 1086 3258 medium
1111 3195 1240 3270 afferre,
1265 3197 1345 3280 quid
1374 3197 1405 3260 in

271 3287 408 3352 ·Verbo
431 3288 625 3370 significant
647 3289 893 3371 “longitudo”
913 3289 1122 3360 “latitudo'’
1141 3299 1177 3353 et
1198 3290 1405 3354 “altitudo''

288 3382 328 3445 ln
341 3383 470 3445 mundo
482 3383 516 3445 id
530 3382 670 3466 longum
684 3393 720 3448 et
734 3378 841 3448 latu'm
855 3383 979 3448 dicitur
987 3384 1079 3466 quod
1094 3383 1234 3467 longum
1248 3396 1282 3448 et
1297 3385 1404 3450 latum

287 3478 399 3558 spatio
417 3487 481 3552 est,
496 3479 653 3542 similiter
668 3479 776 3542 altum
790 3501 797 3556 ;
821 3480 882 3543 sed
901 3481 935 3542 in
951 3479 1059 3552 caelo,
1074 3479 1129 3542 ubi
1146 3500 1214 3544 non
1231 3482 1405 3562 cogitatur

287 3593 331 3636 ex
348 3574 471 3653 spatio,
488 3593 548 3655 per
564 3574 846 3656 “longitudinem
859 3574 1091 3656 ”intelligitur
1107 3583 1219 3638 status
1235 3575 1327 3648 boni,
1345 3597 1405 3658 per

287 3666 534 3732 “latitudinem
544 3668 559 3694 ”
575 3679 687 3733 status
705 3670 786 3741 veri,
803 3679 839 3732 et
858 3691 919 3752 per
936 3669 1185 3734 “altitudinem
1193 3669 1208 3694 ”
1221 3670 1403 3736 discrimen

286 3753 419 3826 illorum
439 3764 627 3828 secundum
646 3764 773 3845 gradus
794 3761 993 3846 (dequibus
1016 3784 1048 3826 n.
1070 3763 1135 3845 38).
1180 3762 1292 3830 Causa
1311 3766 1402 3847 quod

286 3857 369 3922 talia
385 3877 445 3940 per
467 3867 537 3922 tres
553 3859 629 3922 illas
645 3859 876 3922 dimensiones
893 3858 1142 3940 intelligantur,
1160 3868 1214 3923 est
1233 3861 1311 3942 quia
1327 3861 1402 3926 lon·

285 3971 365 4034 gum
385 3955 418 4016 in
435 3954 534 4017 caelo
550 3963 604 4017 est
624 3955 667 4016 ab
682 3956 813 4018 oriente
829 3954 872 4017 ad
889 3973 1061 4028 occasum,
1078 3973 1118 4018 ac
1138 3954 1182 4017 ibi
1201 3964 1280 4018 sunt
1297 3955 1402 4037 quiin

285 4047 377 4112 bono
388 4049 513 4112 amoris
529 4059 610 4112 sunt
627 4069 635 4124 ;
659 4057 694 4112 et
712 4049 820 4112 latum
837 4049 870 4111 in
890 4047 987 4112 caelo
1003 4059 1056 4112 est
1073 4069 1093 4112 a
1109 4048 1249 4112 meridie
1264 4050 1308 4114 ad
1324 4070 1401 4132 sep-

284 4145 505 4219 tentrionem,
517 4163 557 4210 ac
570 4145 616 4208 ibi
628 4154 707 4208 sunt
720 4145 776 4227 qui
793 4145 826 4209 in
843 4165 925 4208 vero
937 4165 982 4208 ex
999 4143 1090 4208 bono
1105 4141 1277 4226 (videatur
1289 4165 1401 4227 supra,

685 4405 1008 4458 mmmmm>

337 4534 390 4606 (s)
415 4530 505 4606 Quod
521 4531 587 4590 loca
601 4542 633 4590 et
651 4533 749 4603 spatia
763 4532 910 4588 sistantur
921 4527 1016 4588 videri
1032 4533 1197 4588 secundum
1213 4542 1310 4590 statua
1326 4533 1401 4590 inte·

285 4603 396 4659 riorum
409 4605 583 4676 angelorum
595 4613 627 4659 et
639 4603 798 4675 spirituum
812 4605 853 4672 (n.
869 4602 962 4672 5604[?
980 4601 1066 4673 5605],
1080 4618 1158 4672 9440,
1175 4604 1281 4670 10146).
