3368 5356
293 604 332 670 50
618 601 668 658 DE
692 601 818 653 CAELO
842 601 891 652 ΕΤ
914 601 1098 655 INFERNO.

288 772 517 856 superioribus
537 781 628 849 sunt,
649 793 719 838 non
737 783 882 857 possunt
901 773 1001 839 aliter
1023 774 1067 839 de
1091 773 1219 840 Divino
1237 775 1414 858 cogitare3

288 869 443 933 feruntur
463 869 498 932 in
522 867 617 932 illam
641 869 820 952 cogitandi
843 871 1091 934 necessitatem
1114 892 1161 934 ex
1188 872 1264 954 ipso
1287 871 1414 938 Divino

288 964 379 1047 quod
404 963 525 1040 influit,
545 973 582 1028 et
605 985 739 1048 quoque
770 985 815 1029 ex
851 965 960 1029 forma
978 965 1077 1042 caeli,
1098 967 1286 1032 secundum
1310 987 1413 1050 quam

287 1061 521 1142 cogitationes
552 1059 689 1123 illorum
718 1081 755 1124 se
783 1062 909 1124 circum
940 1063 1158 1140 extendunt;
1183 1063 1295 1126 omnis
1321 1065 1413 1127 enim

287 1155 466 1237 cogitatio,
480 1175 567 1237 quae
587 1165 642 1218 est
659 1153 804 1237 angelis,
822 1157 1065 1220 extensionem
1082 1156 1188 1220 habet
1211 1157 1245 1220 in
1266 1157 1411 1232 caelum,

287 1261 324 1315 et
343 1251 531 1315 secundum
551 1250 647 1314 illam
667 1252 911 1316 extensionem
941 1263 995 1316 est
1025 1253 1094 1316 illis
1113 1252 1347 1335 intelligentia
1376 1265 1413 1318 et

287 1347 478 1430 sapientia:
514 1346 593 1410 inde
623 1355 690 1423 est,
714 1348 806 1429 quod
833 1367 953 1412 omnes
987 1348 1032 1411 ibi
1064 1358 1260 1430 agnoscant
1290 1348 1411 1412 Domi-

288 1461 379 1518 num,
404 1443 483 1525 quia
506 1440 668 1504 Divinum
693 1441 891 1505 Humanum
915 1463 985 1506 non
1009 1443 1110 1507 datur
1132 1463 1235 1527 quam
1258 1445 1294 1507 in
1318 1444 1409 1526 Ipse.

288 1537 385 1602 Haec
405 1537 488 1602 mihi
512 1557 581 1601 non
604 1537 716 1600 solum
743 1539 788 1602 ab
816 1538 951 1621 angelis
981 1536 1073 1604 dicia
1100 1549 1191 1616 sunt,
1216 1540 1278 1616 sed
1305 1541 1410 1604 etiam

286 1635 404 1698 datum
421 1644 475 1698 est
492 1634 678 1716 percipere,
693 1634 773 1698 dum
790 1634 947 1698 elevatus
963 1636 997 1698 in
1014 1636 1196 1718 sphaeram
1213 1636 1411 1700 interiorem

286 1728 383 1793 caeli.
430 1729 516 1792 Inde
536 1739 647 1811 patet,
668 1728 759 1812 quod
783 1750 850 1811 quo
874 1731 1100 1812 sapientiores
1121 1731 1236 1812 angeli
1256 1741 1347 1806 sunt,
1368 1751 1411 1794 eo

285 1823 408 1890 clarius
432 1825 622 1906 percipiant
646 1824 734 1902 hoc;
769 1834 805 1888 et
835 1825 916 1888 inde
943 1835 1008 1900 est,
1032 1827 1124 1908 quod
1149 1825 1318 1890 Dominus
1341 1825 1410 1890 illis

284 1929 468 2002 appareat3
495 1919 663 1984 Dominus
682 1919 773 1984 enim
792 1930 936 2002 apparet
959 1921 993 1984 in
1012 1920 1121 1985 forma
1141 1921 1267 1986 Divina
1285 1920 1409 2004 Ange-

285 2012 362 2088 lica,
387 2033 473 2095 quae
497 2021 550 2076 est
571 2009 744 2086 Humana,
764 2011 832 2076 illis
855 2012 911 2094 qui
942 2012 1104 2076 Divinum
1128 2013 1261 2077 visibile
1280 2033 1409 2096 agnos·

285 2117 368 2174 cunt
391 2119 427 2172 et
454 2108 613 2182 credunt,
639 2127 708 2170 non
731 2117 848 2172 autem
872 2107 928 2190 qui
952 2107 1112 2170 Divinum
1136 2108 1326 2187 invisibile;
1360 2108 1409 2174 illi

284 2205 375 2270 enim
398 2203 514 2268 videre
537 2222 636 2266 suum
660 2202 821 2266 Divinum
844 2211 1001 2284 possunt,
1026 2202 1062 2266 hi
1084 2212 1201 2268 autem
1228 2223 1298 2268 non
1328 2223 1408 2287 pos·

283 2309 375 2364 sunt.

346 2395 421 2462 8⁰.
452 2392 541 2476 Quia
559 2393 674 2476 angeli
694 2413 762 2457 non
783 2393 945 2457 Divinum
964 2393 1145 2469 invisibile,
1165 2394 1257 2477 quod
1276 2403 1405 2458 vocant

285 2489 446 2553 Divinum
477 2490 606 2571 absque
634 2489 754 2565 forma,
775 2489 836 2552 sed
867 2488 1030 2552 Divinum
1060 2489 1196 2554 visibile
1228 2489 1262 2553 in
1298 2489 1409 2554 forma

285 2585 447 2648 Humana
470 2585 671 2667 percipiunt,
693 2585 773 2647 ideo
796 2584 863 2648 illis
886 2603 1069 2648 commune
1092 2595 1146 2649 est
1170 2585 1295 2660 dicere,
1316 2585 1408 2667 quod

283 2681 377 2743 solus
401 2680 568 2742 Dominus
599 2681 644 2742 sit
676 2679 805 2755 Homo,
825 2689 862 2744 et
891 2681 983 2762 quod
1007 2680 1057 2743 illi
1087 2681 1156 2744 sint
1175 2679 1333 2743 homines
1363 2679 1408 2742 ab

283 2767 385 2860 Ipso;
416 2784 452 2839 et
482 2775 573 2857 quod
596 2777 825 2858 unusquisque
856 2784 993 2839 tantum
1024 2777 1068 2840 sit
1098 2775 1214 2848 homo,
1238 2784 1406 2858 quantum

282 2872 402 2954 recipit
416 2871 542 2952 Ipsum.
588 2869 651 2934 Per
667 2871 820 2953 recipere
837 2869 1024 2934 Dominum
1038 2870 1239 2952 intelligunt
1255 2871 1406 2952 recipere

281 2967 409 3030 bonum
433 2975 468 3029 et
496 2985 614 3028 verum
638 2985 725 3048 quae
749 2966 792 3028 ab
812 2965 903 3048 Ipso,
924 2967 1085 3049 quoniam
1106 2966 1274 3029 Dominus
1293 2975 1348 3030 est
1370 2966 1405 3028 in

282 3081 344 3125 suo
366 3063 459 3125 bono
482 3071 518 3124 et
548 3061 583 3123 in
607 3081 668 3123 suo
691 3081 793 3138 vero;
828 3059 893 3124 hoc
918 3062 1022 3125 etiam
1045 3070 1173 3124 vocant
1199 3060 1405 3143 sapientiam

187 3211 192 3219 .
280 3167 317 3220 et
340 3155 628 3238 intelligentiam:
658 3155 789 3232 dicunt,
814 3155 904 3238 quod
925 3157 1066 3239 quisque
1085 3157 1171 3219 sciat
1190 3155 1281 3238 quod
1301 3155 1404 3218 intel-

281 3251 425 3334 ligentia
441 3261 477 3314 et
493 3251 664 3332 sapientia
679 3250 806 3314 faciant
823 3250 1010 3326 hominem,
1026 3259 1061 3314 et
1078 3271 1147 3313 non
1160 3251 1264 3314 facies
1275 3250 1404 3333 absque

279 3345 358 3410 illis.
405 3344 506 3430 Quod
530 3347 580 3408 ita
602 3347 658 3420 sit,
683 3347 785 3408 etiam
808 3355 951 3428 apparet
979 3366 1024 3409 ex
1047 3345 1181 3428 angelis
1204 3345 1403 3408 interiorum

280 3441 473 3519 caelorum;
493 3441 552 3516 illi,
568 3441 646 3523 quia
662 3461 681 3503 a
698 3441 849 3504 Domino
866 3443 899 3504 in
916 3441 1008 3504 bono
1024 3451 1061 3504 et
1074 3461 1155 3504 vero
1168 3449 1260 3515 sunt,
1274 3449 1311 3503 et
1323 3440 1403 3503 inde

279 3537 312 3599 in
326 3536 495 3620 sapientia
507 3545 543 3600 et
556 3536 801 3617 intelligentia,
816 3537 849 3598 in
863 3535 1092 3618 pulcherrima
1104 3546 1140 3599 et
1154 3531 1403 3618 perfectissima

279 3632 388 3696 forma
410 3631 559 3694 humana
582 3639 679 3708 sunt;
718 3639 754 3693 et
788 3631 905 3714 angeli
939 3630 1132 3694 inferiorum
1164 3627 1336 3693 caelorum
1368 3629 1401 3691 in

279 3727 389 3790 minus
412 3723 562 3808 perfetta
585 3736 621 3789 et
645 3723 806 3808 pulchra:
835 3737 871 3788 at
893 3726 968 3788 vice
986 3745 1086 3788 versa
1109 3725 1143 3787 in
1166 3723 1313 3801 inlern03
1340 3723 1400 3798 illi,

278 3823 334 3906 qui
363 3821 420 3896 ibi,
445 3822 478 3884 in
510 3821 585 3884 luce
609 3819 706 3893 caeli,
731 3820 790 3882 vix
814 3829 982 3902 apparent
1010 3827 1048 3882 ut
1078 3819 1246 3894 homines,
1271 3817 1333 3881 sed
1364 3828 1401 3882 ut

278 3925 452 3992 monstra;
481 3927 561 3979 sunt
580 3917 671 3979 enim
695 3915 728 3976 in
748 3913 840 3978 malo
863 3923 899 3977 et
920 3915 1018 3990 salso,
1039 3924 1075 3978 et
1099 3935 1167 3977 non
1192 3915 1226 3976 in
1249 3913 1342 3978 bono
1366 3923 1401 3976 et

277 4032 369 4086 vero,
381 4020 418 4074 et
430 4011 510 4074 inde
523 4011 556 4072 in
569 4011 739 4094 oppositis
751 4009 941 4092 sapientiae
954 4019 990 4072 et
1003 4009 1257 4091 intelligentiae
1270 4029 1277 4087 ;
1298 4029 1401 4091 quare

277 4107 382 4171 etiam
399 4106 471 4169 vita
487 4125 603 4169 eorum
621 4125 689 4168 non
706 4114 850 4168 vocatur
868 4105 952 4178 vita,
969 4103 1029 4168 sed
1051 4124 1141 4167 mors
1161 4103 1357 4187 spiritualis.

339 4199 408 4266 81·
439 4199 528 4282 Quia
547 4199 681 4264 caelum
700 4201 734 4262 in
754 4207 833 4264 toto
856 4209 892 4262 et
922 4200 957 4262 in
979 4209 1078 4282 parte
1102 4199 1206 4263 refert
1225 4198 1400 4264 hominem

277 4317 322 4360 ex
347 4297 474 4360 Divino
494 4295 658 4359 Humano
678 4293 828 4369 Domini,
849 4294 928 4358 ideo
946 4293 1062 4376 angeli
1080 4294 1201 4358 dicunt
1221 4294 1312 4377 quod
1331 4295 1401 4358 sint

276 4395 309 4456 in
340 4391 501 4465 Domino,
521 4399 557 4454 et
587 4390 726 4473 quidam
748 4389 839 4472 quod
867 4390 936 4452 sint
964 4389 997 4452 in
1025 4409 1169 4471 corpore
1197 4389 1320 4472 Ipsius,
1340 4407 1402 4472 per

276 4487 367 4571 quod
390 4485 591 4569 intelligunt
615 4505 691 4550 esse
714 4485 748 4548 in
771 4485 864 4550 bono
883 4482 1008 4548 amoris
1028 4483 1158 4567 Ipsius:
1183 4485 1274 4550 sicut
1293 4483 1398 4550 etiam

277 4583 356 4665 lpse
376 4581 544 4647 Dominus
562 4580 679 4658 docet,
699 4580 859 4658 dicendo,
