3382 5358
555 661 605 710 DE
630 658 881 710 ttufflmltnsus
905 657 946 708 IN
969 655 1106 708 casto.
1333 655 1389 722 125

269 853 402 918 organo
435 831 601 897 sensorio.
646 829 741 896 Sicut
775 829 889 894 variae
921 827 1043 892 horum
1073 825 1392 891 administrationes

268 938 349 995 sunt
372 931 408 992 in
431 946 586 1009 corpore,
607 926 656 990 ita
678 945 813 1008 quoque
836 923 951 988 variae
970 923 1288 986 administrationes
1310 929 1392 984 sunt

268 1025 477 1090 societatum
500 1023 535 1086 in
555 1021 711 1086 Maximo
732 1019 893 1095 Homine,
914 1018 970 1101 qui
992 1027 1046 1082 est
1067 1016 1210 1092 caelum,
1232 1036 1311 1080 nam
1334 1038 1391 1082 so·

269 1120 418 1184 cietates
435 1127 517 1181 sunt
535 1137 623 1202 quae
641 1115 709 1178 illis
727 1113 1009 1196 correspondent.
1056 1111 1158 1194 Quod
1178 1111 1391 1195 Correspon-

269 1215 388 1279 dentia
410 1213 562 1276 omnium
582 1209 678 1276 Caeli
700 1211 746 1274 sit
765 1229 843 1274 cum
862 1208 1020 1272 omnibus
1041 1207 1213 1284 Hominis,
1233 1208 1392 1272 videatur

268 1311 302 1374 in
334 1329 396 1374 suo
425 1306 571 1372 articulo
603 1304 730 1389 (supra,
755 1325 787 1370 n.
819 1301 972 1386 87-102).
1018 1301 1087 1366 Sed
1114 1323 1234 1366 omnes
1263 1303 1392 1366 formae

268 1403 444 1485 regiminis
466 1405 500 1467 in
523 1423 565 1467 eo
588 1401 811 1476 conveniunt,
829 1399 922 1482 quod
945 1395 1105 1482 spedient
1129 1397 1256 1462 bonurn
1280 1397 1390 1482 publi·

268 1519 345 1562 cum
364 1508 402 1562 ut
421 1497 535 1572 finem,
553 1506 589 1561 et
608 1498 642 1560 in
659 1495 720 1560 illo
735 1496 863 1560 bonum
880 1493 1027 1576 cujusvis
1040 1489 1085 1572 50)
1108 1502 1145 1558 et
1163 1493 1230 1558 hoc
1247 1493 1297 1568 fit,
1314 1493 1392 1578 quia

269 1612 390 1656 omnes
421 1595 454 1656 in
485 1593 644 1654 universo
666 1589 764 1654 caelo
795 1589 858 1652 sub
881 1589 1032 1672 auspicio
1056 1588 1195 1652 Domini
1218 1598 1311 1663 sunt,
1334 1589 1392 1672 qui

268 1697 362 1752 amat
386 1707 518 1762 omnes,
542 1696 578 1752 et
610 1707 656 1750 ex
683 1686 810 1749 Divino
833 1683 964 1748 Amore
987 1684 1125 1748 ordinat
1147 1691 1185 1748 ut
1209 1702 1392 1748 commune

268 1783 396 1848 bonum
416 1783 459 1846 sit
477 1803 522 1846 ex
542 1802 610 1865 quo
628 1780 754 1863 singuli
772 1799 870 1844 suum
886 1779 1015 1844 bonum
1031 1779 1203 1862 accipiant
1218 1799 1226 1858 ;
1251 1779 1391 1862 quisque

268 1883 373 1946 etiam
390 1882 517 1963 accipit
535 1881 663 1946 bonum
683 1881 771 1944 sicut
787 1889 882 1944 amat
901 1898 1104 1958 commune;
1129 1898 1208 1942 nam
1225 1886 1391 1960 quantum

268 1977 342 2060 quis
357 1986 452 2042 amat
471 1995 664 2052 commune,
681 1984 820 2039 tantum
839 1983 933 2038 amat
951 1993 1074 2038 omnes
1092 1983 1128 2038 et
1151 1973 1326 2056 singulos:
1355 1983 1391 2036 et

268 2072 345 2154 quia
368 2072 395 2134 is
418 2090 514 2135 amor
534 2081 587 2134 est
607 2071 757 2144 Domini,
778 2070 856 2134 ideo
875 2077 1012 2134 tantum
1031 2079 1168 2133 amatur
1190 2091 1211 2133 a
1226 2069 1390 2142 Domino,

268 2176 304 2232 et
322 2168 353 2230 ei
369 2167 501 2231 'bonum
520 2165 568 2230 fit.

330 2261 425 2328 218·
458 2261 515 2326 Ex
545 2261 598 2326 his
624 2271 784 2328 constare
807 2269 936 2344 potest,
960 2260 1079 2345 quales
1102 2258 1264 2344 praelecti
1288 2269 1389 2338 sunt;

267 2357 359 2440 quod
379 2376 503 2439 nempe
521 2357 591 2422 sint
610 2359 667 2440 qui
688 2359 722 2420 in
747 2376 864 2421 amore
886 2366 924 2422 et
953 2358 987 2422 in
1017 2358 1187 2439 sapientia
1210 2365 1289 2420 sunt
1310 2376 1389 2438 prae

267 2450 416 2534 reliquis,
436 2453 486 2515 ita
508 2453 564 2535 qui
586 2474 632 2516 ex
656 2473 772 2516 amore
791 2452 913 2516 volunt
937 2453 1095 2516 omnibus
1118 2453 1259 2526 bonum,
1284 2461 1320 2515 et
1343 2471 1389 2514 ex

267 2547 436 2627 sapientia
452 2547 565 2610 sciunt
581 2549 776 2630 prospicere
795 2557 833 2610 ut
851 2547 885 2610 id
908 2545 978 2611 fiat.
1025 2545 1091 2627 Qui
1108 2546 1199 2610 tales
1215 2555 1306 2622 sunt,
1322 2565 1391 2608 non

267 2640 489 2705 dominantur
510 2651 545 2706 et
565 2643 747 2724 imperant,
767 2643 828 2706 sed
852 2643 1050 2706 ministrant
1069 2651 1106 2706 et
1129 2643 1292 2716 serviunt,
1311 2659 1390 2703 nam

266 2735 394 2798 bonum
417 2735 528 2800 lacere
552 2736 626 2800 aliis
649 2757 695 2800 ex
719 2756 836 2801 amore
854 2738 936 2802 boni
959 2746 1013 2800 est
1036 2737 1174 2810 servire,
1195 2745 1232 2798 et
1255 2736 1389 2818 prospi-

267 2849 344 2893 cere
363 2839 401 2894 ut
420 2830 454 2893 id
475 2829 535 2894 fiat
554 2841 609 2895 est
628 2832 844 2909 ministrare;
867 2831 916 2894 illi
940 2851 1004 2895 nec
1028 2851 1065 2894 se
1088 2830 1235 2912 majores
1252 2829 1390 2912 reliquis

268 2925 409 3000 faciunt,
429 2926 490 2988 sed
510 2926 670 3002 minores,
691 2946 770 2990 nam
791 2927 893 3009 priori
914 2926 992 2990 loco
1007 2926 1135 2990 bonum
1155 2925 1331 2988 societatis
1354 2934 1390 2988 et

268 3021 415 3101 proximi
438 3019 581 3096 habent,
602 3022 783 3103 posteriori
801 3031 918 3086 autem
937 3041 1055 3098 suum,
1079 3020 1171 3103 quod
1190 3020 1293 3103 priori
1312 3018 1391 3082 loco

267 3123 320 3178 est
343 3113 450 3196 majus
480 3125 547 3191 est,
568 3116 659 3198 quod
683 3117 864 3202 posteriori
887 3117 1008 3182 minus.
1053 3115 1172 3198 Usque
1195 3124 1311 3178 tamen
1335 3124 1390 3176 est

267 3207 334 3271 illis
353 3207 463 3273 honor
482 3221 517 3273 et
536 3209 665 3292 gloria3
690 3209 849 3275 habitant
869 3211 902 3274 in
923 3210 1038 3274 medio
1055 3209 1245 3284 societatis,
1266 3209 1391 3274 editius

267 3321 369 3385 quam
388 3303 518 3386 reliqui,
539 3313 574 3367 et
594 3325 729 3388 quoque
753 3307 786 3368 in
810 3304 1001 3387 magnificis
1021 3304 1179 3386 palatiis3
1204 3313 1390 3385 acceptant

267 3395 371 3462 etiam
391 3397 480 3462 hanc
500 3398 646 3481 gloriam
666 3409 702 3464 et
726 3399 821 3464 illum
840 3400 1019 3475 honorem,
1040 3409 1077 3464 at
1101 3419 1169 3462 non
1189 3407 1331 3482 propter
1353 3417 1390 3461 se

266 3493 326 3556 sed
344 3503 486 3575 propter
503 3495 758 3559 obedientiam:
783 3497 896 3560 sciunt
916 3497 1006 3560 enim
1023 3515 1145 3560 omnes
1161 3494 1205 3558 ibi
1221 3493 1312 3576 quod
1332 3492 1390 3556 ille

267 3587 431 3652 honoret
451 3588 511 3652 illa
530 3589 639 3671 gloria
658 3589 724 3652 illis
743 3591 787 3654 sit
807 3611 826 3652 a
850 3590 1010 3664 Domino,
1031 3601 1067 3654 et
1090 3590 1182 3672 quod
1205 3589 1283 3652 ideo
1306 3588 1389 3651 obe·

667 3787 707 3841 (a
715 3797 814 3832 ucnurs
825 3791 988 3842 mum)

321 3889 366 3958 (y)
393 3887 483 4012 quod
498 3890 596 3945 omnis
610 3889 702 3945 homo
720 3901 751 3946 et
769 3892 905 3953 societas.
919 3901 983 3946 turn
998 3891 1094 3962 petria
1111 3901 1143 3947 et
1161 3891 1295 3954 ecclesia,
1308 3901 1341 3946 et
1360 3891 1389 3946 in

266 3959 404 4013 universa
417 3960 424 4012 i
438 3976 529 4014 sensu
542 3977 667 4045 regnum
679 3960 810 4022 Domini,
821 3963 861 4016 sit
871 3963 1039 4032 proximus;
1058 3973 1090 4018 et
1104 3963 1186 4034 quod
1201 3962 1258 4016 illis
1269 3961 1390 4017 beneia-

265 4044 332 4083 cere
348 4045 386 4083 ex
401 4047 502 4086 amore
518 4033 589 4086 bom
603 4033 767 4086 secundum
784 4034 872 4104 quale
886 4044 984 4088 status
996 4050 1109 4094 eorum.
1123 4033 1162 4088 sit
1177 4049 1277 4088 amare
1292 4034 1391 4102 proxi·

267 4115 367 4161 mum:
392 4101 434 4155 its
453 4103 533 4172 quod
551 4103 663 4157 bonum
681 4103 809 4165 illorum,
823 4105 904 4174 quod
921 4105 1012 4159 etiarn
1028 4114 1075 4159 est
1091 4105 1204 4158 bonurn
1220 4119 1390 4166 commune,
1427 4122 1430 4128 ’

266 4171 314 4224 cui
327 4172 557 4236 consulendum,
571 4174 611 4228 sit
625 4174 779 4244 proximus
794 4176 834 4242 (n.
848 4175 1016 4242 6818-6824,
1031 4175 1123 4244 8¹2³)-

319 4240 408 4313 Quod
422 4245 513 4298 etiarn
522 4244 635 4298 bonum
646 4244 740 4307 civile,
749 4247 831 4316 quod
845 4255 892 4301 est
900 4247 1028 4318 justum,
1038 4246 1078 4302 sit
1092 4246 1244 4317 proximus
1259 4245 1300 4316 (n.
1312 4257 1389 4314 2915·

265 4323 343 4381 4730,
358 4312 429 4366 8120
442 4314 503 4383 [ad]
517 4315 608 4384 8123).

320 4381 394 4439 lnde
407 4386 488 4455 quod
502 4385 634 4441 charitas
646 4402 719 4458 erga
734 4386 903 4458 proximum
916 4403 949 4444 se
961 4387 1106 4443 extendat
1118 4387 1156 4442 ad
1170 4385 1272 4442 omnia
1285 4395 1316 4442 et
1328 4385 1389 4440 sin·

264 4453 334 4524 gula
347 4454 426 4510 vitae
436 4455 575 4519 hominis,
585 4468 616 4512 et
629 4459 711 4542 quod
723 4473 823 4512 amere
832 4459 944 4514 bonurn
958 4468 990 4514 et
1002 4457 1100 4514 lacere
1109 4459 1221 4514 bonum
1235 4475 1273 4512 ex
1287 4472 1390 4512 amore

264 4525 336 4608 bopi
346 4536 378 4580 et
387 4527 458 4611 veri,
468 4539 498 4582 et
508 4543 628 4598 quoque
637 4539 751 4598 justum
763 4545 911 4584 examore
923 4529 1000 4592 'usti
1010 4529 1039 4584 in
1050 4546 1227 4654 puacunpue
1236 4525 1390 4583 lundilone

264 4605 296 4649 et
310 4613 338 4650 m
353 4613 434 4651 omni
448 4598 595 4666 opere,sit
608 4615 709 4654 amere
723 4599 892 4668 proximum
908 4547 947 4670 dr.
962 4613 1040 4668 2417,
1075 4614 1119 4654 ηπ
1136 4601 1165 4670 [a
1188 4601 1198 4670 ]
1212 4600 1303 4667 8124).
