3350 5366
279 599 342 692 360
595 612 646 666 us
668 611 794 668 cnuto
818 613 866 666 aa
889 611 1071 668 runcano.

279 781 427 860 malum3
456 781 624 852 estenIm
647 781 719 866 ejus
739 782 868 851 malum
890 783 1145 866 hereditarium..
1163 787 1256 869 818οὀ
1280 795 1333 854 est
1354 807 1391 852 St

279 896 394 960 amare
406 898 486 960 prae
503 878 590 954 Deo,
607 898 647 941 ac
663 878 827 956 mundum
843 899 923 960 prae
941 877 1103 954 ‚caerulco
1148 879 1266 950 Homo
1286 881 1392 948 toties
1509 909 1514 922 ·

278 971 476 1036 immittitur
494 972 528 1036 in
547 991 644 1038 suum
664 973 846 1058 proprium,
866 973 916 1038 ita
933 975 967 1036 in
986 994 1047 1038 sua
1065 973 1157 1039 mala
1174 975 1390 1051 hereditaria,

278 1069 412 1150 quoties
428 1088 465 1132 se
480 1065 614 1151 spcdtat
632 1069 666 1132 in
682 1069 781 1134 bonis
796 1089 884 1151 quae
898 1069 989 1145 lacit,
1008 1089 1086 1137 nam
1102 1069 1237 1150 spectat
1255 1092 1276 1136 a
1293 1073 1393 1140 bonis

278 1163 323 1226 ad
346 1183 393 1240 se,
414 1173 450 1228 et
468 1183 538 1230 non
561 1184 582 1227 a
604 1183 641 1228 se
664 1164 708 1228 ad
726 1165 839 1243 bona;
863 1183 966 1246 quare
989 1165 1022 1226 in
1046 1165 1143 1232 bonis
1160 1167 1252 1232 sistit
1271 1167 1390 1250 imagi,

279 1277 358 1322 nem
381 1259 443 1336 sui,
463 1269 500 1324 et
523 1279 592 1342 non
611 1257 759 1340 aliquam
769 1258 954 1340 imaginem
973 1258 1097 1325 Divini.
1142 1257 1244 1340 Quod
1267 1261 1316 1330 ita
1333 1264 1390 1338 sit,

279 1355 385 1432 etiam
404 1373 464 1438 per
483 1354 733 1436 experientiam
752 1351 972 1418 confirmatus
986 1372 1072 1430 sum.
1117 1352 1204 1424 Sunt
1223 1355 1303 1422 mali
1321 1357 1391 1438 spi·

278 1447 375 1521 ritus,
392 1467 534 1532 quorum
549 1446 783 1513 habitationes
801 1457 881 1510 sunt
900 1448 933 1510 in
953 1446 1057 1529 plaga
1076 1449 1188 1512 media
1206 1449 1295 1517 inter
1313 1470 1392 1532 sept·

280 1543 490 1606 tentrionem
513 1550 549 1606 et
576 1543 793 1606 occidentem
816 1541 879 1604 sub
901 1539 1017 1618 caelia,
1041 1542 1098 1624 qui
1128 1542 1257 1609 callent
1280 1554 1391 1614 artem

279 1637 489 1700 immittendi
507 1637 633 1718 probos
652 1637 790 1720 spiritus
804 1635 846 1698 in
869 1637 1040 1718 proprium
1062 1635 1208 1713 illorum,
1228 1647 1265 1704 et
1286 1639 1335 1702 sic
1357 1640 1391 1714 in

280 1730 370 1794 mala
390 1731 472 1794 varii
494 1731 650 1814 generis;
679 1730 769 1812 quod
793 1730 921 1794 iaciunt
944 1730 1067 1812 perid,
1088 1731 1179 1812 quod
1201 1732 1390 1806 immittant

279 1825 357 1890 illos
374 1826 408 1888 in
428 1826 659 1906 cogitationes
675 1826 718 1889 de
737 1844 785 1898 se,
801 1824 857 1903 vel
876 1833 995 1906 aperte
1015 1845 1074 1905 per
1090 1825 1207 1890 laudes
1226 1836 1262 1892 et
1281 1827 1389 1892 hono.

279 1940 344 1995 res,
365 1919 420 1984 vel
443 1920 532 1988 clam
551 1939 610 2002 per
630 1919 936 1985 determinationes
955 1916 1171 1984 affectionum
1190 1920 1325 1986 illorum
1347 1923 1390 1990 ad

279 2034 334 2078 se:
359 2021 394 2090 et
413 2024 579 2097 quantum
597 2013 663 2078 hoc
683 2011 844 2087 efficiunt,
862 2022 998 2080 tantum
1014 2023 1175 2092 avertunt
1194 2014 1298 2088 iacies
1313 2035 1390 2098 prov

279 2109 398 2173 borum
414 2111 592 2192 spirituum
616 2129 637 2171 a
659 2107 776 2185 caelo;
807 2116 843 2186 et
866 2117 1004 2187 tantum
1022 2128 1157 2190 quoque
1176 2108 1390 2182 intellectum

279 2223 396 2282 eorum
415 2204 611 2278 obscurant,
630 2212 666 2265 et
685 2211 832 2266 evocant
847 2201 938 2268 mala
956 2221 1001 2264 ex
1024 2203 1161 2284 proprio
1178 2203 1324 2268 illorum.

340 2298 565 2379 358pmnd01.
599 2295 701 2376 Quod
721 2315 816 2358 amor
839 2297 888 2358 sui
911 2297 955 2358 sit
978 2297 1156 2376 oppositus
1178 2299 1294 2360 amori
1309 2317 1390 2380 erga

279 2393 485 2474 proximum,
503 2391 608 2454 videri
627 2399 744 2474 potest
761 2411 806 2455 ex
826 2390 957 2472 origine
980 2398 1016 2454 et
1035 2391 1188 2460 essentia
1207 2391 1390 2476 utriusque.

279 2485 390 2548 Amor
409 2486 556 2566 proximi
574 2485 663 2568 apud
683 2483 815 2558 millum,
836 2485 891 2568 qui
911 2485 944 2548 in
963 2502 1079 2551 amore
1098 2485 1148 2551 sui
1167 2495 1233 2560 est,
1250 2485 1391 2553 inchoat

279 2600 299 2642 a
315 2599 373 2660 se;
398 2579 480 2644 dicit
496 2581 586 2642 enim
603 2578 693 2662 quod
709 2579 848 2662 quisque
865 2577 928 2642 sibi
947 2578 991 2642 sit
1011 2579 1198 2660 proximus,
1215 2587 1252 2642 et
1268 2579 1315 2642 ab
1332 2578 1391 2652 illo

279 2673 367 2736 sicut
386 2693 406 2738 a
424 2683 545 2738 centro
561 2673 715 2756 procedit
730 2672 775 2750 ad
795 2690 914 2736 omnes
929 2671 985 2753 qui
1001 2690 1117 2736 secum
1133 2690 1235 2750 unum
1252 2671 1390 2752 iaciunt¹

279 2786 357 2832 curn
373 2768 597 2832 diminutione
613 2767 799 2834 secundum
815 2767 941 2852 gradus
956 2763 1204 2846 conjundtionis
1219 2787 1280 2849 per
1294 2785 1390 2844 amo·

278 2881 350 2926 rem
363 2882 498 2942 secum;
522 2872 558 2926 et
575 2863 631 2946 qui
646 2871 748 2926 extra
763 2859 857 2924 illam
874 2861 1168 2924 consociationem
1184 2870 1275 2935 sunt,
1291 2881 1390 2942 repu-

279 2965 397 3020 tantur
415 2977 477 3038 pro
495 2956 612 3034 nihilo,
632 2955 742 3037 etqui
761 2964 882 3018 contra
900 2955 980 3018 illos
998 2963 1034 3016 et
1052 2954 1187 3018 illorum
1207 2955 1309 3032 mala,
1329 2974 1390 3036 pro

278 3050 446 3124 hostibus,
475 3050 728 3132 qualescunque
758 3049 838 3124 sint,
859 3049 930 3134 sive
960 3049 1146 3130 sapientes
1176 3049 1247 3114 sive
1281 3049 1389 3132 probi¹

279 3145 401 3212 sinceri
419 3155 477 3208 aut
498 3144 590 3228 justi.
634 3143 684 3210 At
705 3162 801 3210 amor
816 3143 1003 3226 spiritualis
1021 3163 1104 3224 erga
1126 3143 1318 3224 proximum
1338 3143 1389 3219 ine

278 3240 383 3304 choat
398 3261 418 3302 a
434 3239 593 3316 Domino,
607 3248 642 3302 et
661 3239 704 3304 ab
721 3238 800 3319 Ipso
816 3247 853 3300 ut
872 3257 893 3302 a
908 3246 1027 3301 centro
1040 3237 1194 3318 procedit
1210 3237 1254 3301 ad
1270 3254 1391 3314 omnes

278 3335 334 3418 qui
354 3335 423 3418 Ipsi
441 3331 611 3416 conjundti
630 3343 711 3399 sunt
729 3352 789 3416 per
806 3350 959 3410 amorem
982 3339 1019 3394 et
1041 3329 1153 3406 fidem,
1173 3350 1213 3401 ac
1233 3330 1390 3414 procedit

661 3540 709 3592 [laic
722 3549 819 3584 mm
833 3538 1005 3596 commum]

333 3643 400 3715 (gg)
427 3641 516 3715 Quod
529 3641 659 3704 hominis
673 3640 833 3711 proprium,
843 3640 924 3710 quod
937 3638 1029 3694 trahit
1042 3637 1242 3708 haereditario
1253 3651 1273 3694 a
1284 3652 1389 3711 paren-

278 3714 367 3776 tibus,
383 3729 444 3766 non
460 3713 499 3770 sit
515 3713 571 3770 nisi
589 3728 678 3782 quam
694 3712 819 3767 densum
836 3711 946 3764 malum
967 3711 1006 3778 (n.
1027 3723 1085 3772 210,
1102 3721 1161 3776 215,
1177 3721 1237 3777 731,
1254 3705 1313 3772 876,
1329 3707 1389 3776 987,

282 3796 357 3849 1047.
377 3797 454 3851 2307.
475 3781 677 3850 1318803081.
697 3781 774 3850 3518.
794 3793 870 3850 3701.
891 3780 968 3848 3810.
988 3775 1066 3844 8480.
1085 3779 1162 3848 8550.
1186 3777 1389 3846 1028a10284.

282 3853 375 3916 10786,
391 3855 499 3921 1ο731[,
517 3853 634 3920 10732]).
704 3861 707 3868 ’
896 3859 897 3862 ’

332 3923 422 4048 Puod
432 3922 562 3978 hominis
575 3921 726 3992 proprium
739 3921 779 3976 sit
791 3935 889 3979 amare
902 3935 934 3976 se
947 3935 1016 3989 prae
1030 3917 1104 3982 Deo,
1116 3928 1147 3972 et
1161 3917 1306 3972 mundum
1320 3933 1390 3987 prae

279 4010 332 4048 cae
344 4011 371 4055 o,
381 4003 413 4047 et
425 3993 509 4046 nihili
525 3989 620 4048 lacere
634 3991 801 4062 proximum
816 3988 979 4062 respective
991 3989 1028 4042 ad
1043 4005 1083 4050 se,
1094 3988 1149 4044 nisi
1163 3988 1255 4050 modo
1268 3999 1390 4058 propter

280 4081 320 4127 se,
334 4065 376 4118 ita
387 4073 491 4124 semet,
501 4063 543 4117 sic
555 4063 635 4132 quod
649 4061 687 4116 sit
700 4075 784 4114 amor
796 4059 841 4114 sui
854 4071 885 4114 et
898 4055 1000 4112 mundi
1016 4061 1055 4126 (n.
1064 4059 1124 4126 ⁶94·
1134 4070 1194 4126 731,
1206 4070 1284 4125 4317,
1300 4057 1388 4126 5660).

332 4133 422 4206 Quod
436 4149 472 4190 ex
484 4149 585 4188 amore
597 4131 642 4186 sui
658 4141 690 4185 et
704 4131 816 4192 mundi,
829 4131 900 4183 dum
914 4129 1185 4199 praedominantur,
1198 4127 1300 4182 omnia
1312 4129 1390 4184 mala

282 4209 413 4274 (411307,
433 4203 506 4271 1308.
525 4217 599 4270 1311.
619 4215 693 4272 1594.
712 4201 786 4270 1691.
803 4211 971 4268 34137055.
987 4199 1064 4268 1376.
1080 4197 1278 4270 7480814881
1293 4197 1389 4268 148318

280 4271 1007 4354 748374001831893350348.10038.107401,,
1090 4337 1097 4352 ,
1194 4338 1199 4351 ,
1247 4337 1252 4350 ,

334 4343 418 4417 Quae
433 4353 504 4398 sunt
518 4353 709 4413 contemptus
724 4341 859 4402 altorum,
873 4347 1034 4402 inimicitia.
1047 4337 1158 4400 odium,
1171 4332 1311 4400 vindmia,
1326 4352 1389 4392 sae·

279 4417 362 4478 vitia,
375 4415 516 4483 deluam.
531 4414 610 4479 6667,
623 4412 719 4496 737411
733 4412 822 4480 73701,
835 4423 913 4479 7374,
926 4411 1005 4480 9348,
1020 4409 1113 4491 10038,
1130 4409 1235 4480 roua).

284 4486 376 4624 mat,
392 4485 536 4621 ffigfx
561 4484 608 4540 his
632 4485 716 4546 malis
740 4497 830 4538 omne
853 4481 960 4538 ialsum
980 4489 1122 4538 scaturiat
1141 4479 1182 4550 (n.
1204 4477 1390 4546 1047.10283.
