3408 5358
289 671 353 720 200
610 663 661 714 DE
683 661 810 714 CAELO
832 661 881 713 ΕΤ
903 659 1086 712 INFERNO.

288 848 383 905 statu
406 836 555 912 infantis,
573 856 656 920 puer
678 835 713 900 in
735 845 831 901 statu
853 835 958 918 pueri,
974 833 1189 912 adolescens,
1206 834 1267 911 vir,
1284 855 1403 914 senex,

288 934 322 996 in
345 941 440 996 statu
463 927 707 1007 adolescentis,
727 931 790 994 viri
812 939 848 994 et
871 930 974 1004 senis,
994 947 1112 992 verum
1131 937 1243 992 status
1258 929 1405 1012 cujusvis

212 1073 219 1089 .
287 1037 410 1109 postea
433 1034 606 1105 mutatur;
638 1025 807 1088 infantum
830 1034 946 1089 autem
976 1033 1089 1088 status
1111 1024 1252 1088 excedit
1275 1035 1405 1090 statum

287 1121 493 1204 reliquorum
508 1119 542 1184 in
559 1141 612 1196 eo,
629 1120 720 1204 quod
736 1121 770 1183 in
786 1120 986 1184 innocentia
1001 1119 1082 1196 sint,
1095 1130 1131 1183 et
1148 1121 1238 1202 quod
1252 1122 1404 1184 nondum

288 1216 337 1280 eis
359 1215 578 1280 irradicatum
598 1215 644 1279 sit
663 1213 793 1278 malum
815 1237 862 1280 ex
885 1211 1011 1279 actuali
1029 1216 1122 1294 vita;
1146 1235 1186 1280 ac
1206 1217 1405 1280 innocentia

288 1309 369 1374 talis
387 1319 452 1388 est,
472 1321 509 1374 ut
533 1311 564 1374 ei
586 1309 784 1394 implantari
802 1310 938 1392 possint
956 1311 1072 1374 omnia
1090 1311 1187 1387 caeli,
1207 1329 1287 1374 nam
1305 1311 1404 1375 inno·

288 1406 404 1469 centia
422 1415 478 1470 est
496 1405 754 1487 receptaculum
772 1405 843 1490 veri
862 1403 940 1468 fidei
959 1414 995 1468 et
1014 1404 1095 1468 boni
1114 1405 1249 1468 amoris.

351 1515 446 1584 331.
476 1499 596 1566 Status
614 1501 783 1564 infantum
805 1501 838 1564 in
863 1499 974 1564 altera
995 1500 1068 1563 vita
1086 1499 1231 1564 multum
1250 1511 1405 1585 praestat

289 1604 383 1659 statu
406 1594 572 1660 infantum
603 1596 636 1657 in
666 1595 805 1670 mundo,
826 1613 906 1658 nam
929 1614 998 1658 non
1021 1593 1130 1656 induti
1159 1605 1239 1660 sunt
1262 1615 1404 1678 corpore

288 1690 454 1765 terrestri,
475 1691 537 1753 sed
567 1689 668 1752 simili
691 1711 759 1772 quo
782 1688 909 1772 angeli.
954 1687 1086 1769 Corpus
1111 1699 1275 1754 terrestre
1303 1691 1337 1754 in
1368 1711 1405 1754 se

289 1803 395 1867 grave
424 1793 489 1860 est,
514 1806 583 1848 non
607 1785 727 1867 recipit
756 1785 801 1848 ab
829 1784 982 1848 interiori
1005 1805 1065 1846 seu
1088 1785 1255 1864 spirituali
1277 1787 1404 1848 mundo

288 1881 414 1962 primas
433 1881 650 1944 sensationes
668 1889 703 1942 et
723 1881 851 1963 primos
870 1887 995 1954 motus,
1016 1879 1076 1941 sed
1095 1879 1140 1942 ab
1158 1881 1323 1944 exteriori
1345 1901 1405 1944 seu

289 1975 437 2039 naturali
454 1976 603 2060 mund03
627 1995 729 2058 quare
749 1974 898 2037 infantes
916 1975 949 2036 in
970 1974 1098 2037 mundo
1117 1975 1252 2038 discent
1268 1974 1403 2056 ¹¹¹gradi,

289 2078 409 2152 gestus
433 2090 546 2152 agere,
571 2080 607 2133 et
631 2069 743 2152 loqui;
777 2071 882 2133 immo
905 2070 1100 2150 aperientur
1122 2068 1190 2132 illis
1212 2089 1342 2144 sensus,
1367 2079 1404 2134 ut

288 2165 380 2228 visus
399 2173 434 2229 et
457 2165 605 2242 auditus,
624 2185 683 2247 per
702 2183 818 2226 usum:
850 2162 952 2227 aliter
966 2161 1114 2227 infantes
1133 2163 1167 2226 ln
1186 2164 1297 2227 altera
1312 2165 1403 2242 vita;

288 2259 337 2323 illi
349 2261 427 2342 quia
440 2261 579 2342 spiritus
591 2269 683 2335 sunt,
697 2268 806 2340 agunt
818 2259 939 2321 statim
952 2258 1140 2322 secundum
1154 2259 1316 2322 interiora
1332 2278 1404 2334 sua,

288 2355 490 2436 gradiuntur
512 2354 642 2436 absque
665 2373 737 2428 usu,
759 2351 946 2436 loquuntur
968 2352 1085 2428 etiam,
1103 2353 1163 2416 sed
1187 2353 1332 2435 primum
1358 2373 1404 2418 ex

289 2448 525 2512 communibus
548 2445 782 2510 affetlionibus
806 2447 958 2510 nondum
984 2447 1035 2509 ita
1056 2445 1227 2512 distinctis
1252 2449 1286 2510 in
1309 2449 1405 2512 ideas

289 2542 551 2623 cogitationum,
575 2551 630 2604 ast
653 2540 748 2604 brevi
774 2540 809 2602 in
832 2539 894 2602 has
917 2559 1052 2623 quoque
1070 2540 1260 2619 initiantur,
1280 2552 1317 2606 et
1338 2543 1404 2607 hoc

288 2637 366 2719 quia
383 2637 556 2700 exteriora
571 2654 688 2699 eorum
704 2643 783 2698 sunt
799 2633 1017 2716 homogenea
1031 2635 1256 2700 interioribus.
1302 2635 1405 2719 Quod

289 2731 425 2814 loquela
453 2731 655 2812 angelorum
684 2728 767 2792 fluat
796 2749 841 2792 ex
871 2725 1106 2792 affedtionibus
1130 2733 1316 2817 variegatis
1345 2753 1406 2816 per

288 2827 382 2890 ideas
405 2825 637 2908 cogitationis,
658 2824 705 2887 sic
725 2833 762 2888 ut
786 2823 922 2905 loquela
941 2843 1056 2887 eorum
1070 2823 1142 2890 ¹³¹sit
1162 2847 1297 2910 prorsus
1321 2847 1403 2890 con·

289 2921 404 2984 formis
433 2918 702 3003 cogitationibus
734 2939 781 2982 ex
813 2915 1006 2992 affectione,
1036 2919 1194 2986 videatur
1222 2941 1325 3004 supra
1356 2920 1403 3004 (n.

289 3013 462 3099 234-245).

351 3123 448 3191 332.
486 3107 642 3171 Infantes
666 3106 851 3188 utprimum
875 3109 1083 3173 exsuscitati
1113 3119 1205 3184 sunt,
1236 3111 1327 3194 quod
1365 3110 1404 3176 fit

289 3205 407 3268 statim
431 3212 511 3286 post
533 3203 676 3276 obitum,
701 3201 898 3265 auferuntur
927 3203 962 3264 in
992 3203 1137 3278 caelum,
1161 3215 1197 3268 et
1221 3206 1404 3270 traduntur

288 3298 421 3380 angelis
437 3297 493 3380 qui
508 3313 555 3360 ex
570 3316 656 3359 sexu
672 3295 834 3360 feminino
846 3305 937 3372 sunt,
951 3316 1038 3379 quae
1053 3299 1087 3360 in
1100 3299 1172 3362 vita
1187 3301 1338 3382 corporis
1353 3302 1404 3364 sui

288 3403 410 3458 tenere
440 3401 642 3456 amaverunt
672 3391 830 3468 infantes,
855 3401 890 3455 et
921 3391 1022 3456 simul
1048 3405 1250 3458 amaverunt
1281 3395 1403 3460 Deum.

289 3487 367 3552 Hae
385 3487 464 3571 quia
485 3487 519 3550 in
538 3485 665 3550 mundo
688 3507 733 3549 ex
755 3485 986 3551 teneritudine
1004 3487 1089 3570 quisi
1108 3499 1265 3553 materna
1283 3509 1404 3556 omnes

287 3583 437 3646 infantes
455 3590 668 3656 amaverunt,
688 3581 856 3663 recipiunt
879 3581 958 3645 illos
980 3583 1069 3646 sicut
1088 3605 1179 3660 suos,
1198 3593 1233 3647 et
1255 3585 1404 3650 infantes

288 3697 422 3761 quoque
452 3697 498 3740 ex
528 3675 643 3740 indole
667 3675 771 3739 insita
794 3686 913 3740 amant
940 3675 1016 3740 illas
1039 3678 1127 3742 sicut
1150 3699 1228 3742 suas
1252 3691 1401 3744 matres:

288 3774 436 3837 totidem
454 3771 603 3834 infantes
622 3780 702 3833 sunt
721 3771 811 3853 apud
825 3769 1122 3855 ¹³¹unamquamvis,
1137 3783 1220 3856 quot
1240 3795 1285 3838 ex
1304 3776 1401 3858 spiri·

287 3869 373 3934 tuali
392 3877 507 3949 storge
527 3866 710 3928 desiderat.
756 3864 833 3929 Hoc
852 3865 985 3930 caelum
1004 3877 1147 3949 apparet
1166 3879 1360 3933 antrorsum
1383 3893 1402 3934 e

286 3965 427 4047 regione
443 3962 574 4036 frontis,
592 3958 721 4025 directe
738 3960 772 4024 in
792 3960 884 4024 linea
898 3981 958 4024 seu
976 3963 1073 4026 radio
1092 3983 1158 4046 quo
1173 3964 1288 4046 angeli
1304 3985 1402 4047 spec-

286 4069 365 4126 tant
388 4057 593 4134 Dominum;
620 4056 706 4118 situs
729 4054 817 4118 illius
839 4055 925 4118 caeli
951 4056 996 4118 ibi
1022 4067 1087 4132 est,
1105 4057 1183 4139 quia
1208 4077 1328 4122 omnes
1349 4061 1402 4122 in-

286 4155 400 4220 fantes
418 4153 481 4215 sub
498 4151 700 4214 immediato
719 4151 870 4231 auspicio
888 4149 1028 4213 Domini
1047 4163 1147 4230 sunt;
1171 4153 1278 4218 influit
1297 4156 1402 4218 etiam

286 4249 376 4333 apud
394 4247 473 4312 illos
492 4245 624 4309 caelum
643 4246 873 4320 innocentiae,
893 4245 983 4327 quod
1003 4256 1057 4309 est
1076 4247 1208 4310 caelum
1228 4251 1379 4313 tertium.

348 4357 448 4426 333.
478 4339 631 4404 Infantes
644 4349 724 4403 sunt
736 4340 872 4402 diversa
885 4339 1001 4404 indole
1013 4363 1021 4418 ;
1046 4342 1182 4423 quidam
1193 4353 1273 4406 sunt
1285 4344 1402 4410 indole

286 4459 353 4522 qua
375 4434 490 4516 angeli
513 4434 717 4518 spirituales,
741 4434 880 4517 quidam
902 4435 1018 4498 indole
1041 4456 1107 4518 qua
1132 4437 1247 4519 angeli
1269 4439 1400 4502 caeles-

286 4543 350 4596 tes.
396 4529 551 4593 Infantes
569 4529 625 4611 qui
648 4527 763 4592 indole
782 4529 926 4592 caelesti
943 4540 1034 4604 sunt,
1054 4541 1223 4612 apparent
1246 4533 1280 4594 in
1303 4534 1401 4596 caelo

286 4625 347 4690 illo
361 4623 405 4688 ad
426 4624 588 4688 dextrum
604 4643 612 4704 ;
636 4623 692 4706 qui
708 4621 825 4688 indole
837 4623 1004 4706 spirituali
1023 4625 1066 4688 ad
1086 4627 1270 4690 sinistrum.
1316 4627 1400 4692 Orn-
