3350 5366
296 659 357 741 308
621 667 672 718 nn
693 666 820 720 canno
844 665 891 718 nr
915 664 1098 718 mrenuo

297 861 388 919 nem,
409 860 449 906 ac
469 839 590 907 vident
610 841 702 906 mala
720 861 792 917 sua,
812 841 847 904 in
866 861 953 923 quae
972 839 1057 916 nati,
1075 837 1157 904 dum
1176 837 1211 902 in
1229 837 1289 902 illa
1306 838 1419 904 seruu-

298 949 364 1014 tur,
385 959 430 1001 ex
453 939 552 1012 veris,
573 935 658 1001 haec
678 937 769 1000 enim
789 936 1012 1000 manifestant
1032 935 1134 1000 maia.
1179 933 1420 1017 Unusquisque

297 1035 389 1098 enim
409 1042 527 1115 potest
550 1051 596 1096 ex
615 1053 698 1095 vero
716 1032 807 1114 quod
830 1051 876 1096 ex
899 1030 992 1094 bono
1011 1039 1077 1106 est,
1097 1029 1214 1094 videre
1234 1028 1361 1094 malum
1384 1038 1420 1091 et

208 1207 215 1218 Ι
297 1127 369 1210 ejus
392 1127 526 1204 falsum,
551 1127 611 1190 sed
635 1146 738 1191 nemo
762 1135 880 1209 potest
902 1127 1019 1189 videre
1045 1145 1091 1188 ex
1119 1123 1210 1188 malo
1233 1123 1361 1189 bonum
1384 1133 1420 1190 et

298 1243 441 1287 verum:
465 1231 653 1296 causaest,
673 1222 753 1304 quia
770 1220 856 1284 salsa
879 1220 960 1284 mali
979 1229 1059 1284 sunt
1079 1219 1254 1294 tenebrae,
1275 1228 1312 1282 et
1334 1238 1419 1300 quo·

298 1337 364 1401 que
387 1319 661 1400 correspondent
685 1317 772 1394 illis;
803 1336 907 1399 quare
931 1315 980 1380 illi
1002 1315 1060 1397 qui
1083 1315 1117 1378 in
1140 1313 1235 1378 salsis
1258 1335 1304 1378 ex
1328 1311 1420 1378 malo

298 1423 389 1487 sunt,
410 1415 499 1477 sicut
517 1414 611 1477 caeci
630 1421 722 1487 sunt,
742 1411 798 1494 qui
817 1411 887 1486 ilia,
907 1431 994 1494 quae
1017 1412 1051 1474 in
1071 1409 1145 1474 luce
1165 1419 1256 1484 sunt,
1277 1428 1348 1472 non
1369 1409 1419 1472 vi·

298 1507 394 1581 dent,
414 1518 449 1571 et
473 1529 607 1591 quoque
624 1507 760 1589 fugiunt
777 1505 839 1592 ilia
856 1508 945 1570 sicut
965 1501 1151 1570 nodtuae.(³>
1196 1503 1248 1568 At
1270 1524 1352 1568 vera
1374 1523 1419 1566 ex

297 1603 390 1666 bono
414 1613 494 1666 sunt
525 1603 597 1676 lux,
618 1612 654 1666 et
685 1622 821 1684 quoque
843 1601 1118 1683 correspondent
1149 1598 1215 1664 luci
1247 1597 1419 1682 (videatur

296 1717 410 1778 snpra,
430 1717 462 1760 n.
486 1695 666 1779 126-134);
697 1717 800 1778 quare
819 1696 878 1771 ilii,
898 1697 955 1778 qui
978 1697 1011 1758 in
1034 1696 1124 1759 veris
1147 1713 1192 1758 ex
1216 1693 1308 1758 bono
1326 1701 1419 1767 sunt.

296 1794 455 1856 videntes
472 1803 508 1856 et
524 1794 637 1875 aperti
651 1793 760 1856 oculis
776 1801 869 1866 sunt,
883 1811 922 1855 ac
940 1791 1138 1854 discernunt
1158 1789 1217 1855 illa
1232 1809 1319 1872 quae
1336 1787 1419 1854 lucis

297 1898 334 1951 et
353 1890 492 1952 umbrae
512 1897 602 1952 sunt.
647 1887 687 1950 in
710 1887 763 1950 his
782 1907 916 1970 quoque
939 1886 1061 1950 datum
1079 1895 1135 1950 eat
1158 1905 1219 1968 per
1237 1884 1419 1966 experien-

298 1984 383 2047 tiam
407 1981 609 2048 confirmari.
654 1982 785 2064 Angeli
807 1984 864 2064 qui
886 1983 920 2044 in
944 1981 1049 2046 caelis
1072 1990 1164 2055 aunt,
1185 1990 1221 2044 et
1244 1979 1362 2044 vident
1384 1987 1420 2044 et

297 2080 490 2160 percipiunt
510 2077 601 2142 mala
619 2087 656 2142 et
674 2077 770 2152 salsa,
790 2097 877 2160 quae
899 2077 933 2138 in
957 2097 994 2139 se
1014 2075 1195 2158 aliquoties
1214 2083 1418 2155 exsurgunt.

297 2183 333 2236 et
356 2193 493 2257 quoque
515 2173 607 2236 mala
629 2182 666 2236 et
689 2172 776 2235 salsa
799 2173 832 2234 in
856 2171 977 2254 quibus
1000 2180 1080 2234 sunt
1103 2171 1241 2252 spiritus
1264 2169 1320 2252 qui
1344 2167 1419 2232 alii-

286 2271 370 2350 ·gati
389 2279 470 2332 sunt
489 2268 626 2331 infernis
655 2269 689 2330 in
720 2267 849 2330 mundo
867 2267 1068 2348 spirituum
1098 2265 1158 2328 sed
1188 2265 1252 2347 ipsi
1281 2265 1420 2347 spiritus

297 2381 367 2426 non
386 2373 530 2446 possunt
546 2363 662 2426 videre
676 2383 736 2426 sua
749 2361 839 2425 mala
851 2371 888 2426 et
908 2360 1002 2424 salsa.
1049 2359 1141 2441 Quid
1154 2360 1282 2424 bonum
1295 2359 1420 2424 amoris

297 2459 468 2534 caelestis,
493 2459 573 2542 quid
597 2459 821 2532 conscientia,
845 2457 926 2540 quid
949 2457 1119 2520 sincerum
1142 2464 1178 2519 et
1203 2453 1333 2536 justum
1356 2455 1420 2520 nisi

297 2556 388 2638 quod
406 2553 443 2617 fit
463 2563 605 2635 propter
623 2573 672 2628 se,
690 2553 771 2636 quid
789 2553 835 2616 sit
854 2552 932 2614 duci
951 2572 972 2615 a
990 2550 1152 2624 Domino,
1170 2570 1238 2614 non
1256 2549 1396 2632 capiunt
1411 2570 1418 2626 ;

297 2651 417 2714 dicunt
436 2649 527 2732 quod
547 2669 616 2712 non
635 2649 771 2723 dentur,
791 2649 841 2711 ita
859 2647 951 2730 quod
970 2646 1067 2710 nihili
1086 2647 1166 2710 sint.
1213 2644 1309 2710 Haec
1329 2642 1421 2710 diota

297 2758 389 2824 sunt,
409 2748 456 2810 ob
478 2745 590 2821 finem,
610 2755 648 2809 ut
671 2745 775 2808 homo
794 2745 954 2827 exploret
978 2764 1026 2819 se,
1050 2753 1086 2808 et
1109 2763 1155 2806 ex
1175 2741 1334 2824 jucundis
1352 2743 1420 2804 suis

297 2853 490 2926 cognoscat
516 2859 669 2905 amorem
696 2859 803 2916 suum,
828 2850 864 2904 et
895 2838 985 2914 inde,
1009 2848 1174 2921 quantum
1202 2859 1248 2902 ex
1275 2838 1420 2902 scientia
1475 2870 1476 2874 ¹

297 2939 679 3020 correspondentiarum
707 2937 812 3018 capit,
836 2937 924 3000 sciat
955 2945 1085 2998 statum
1112 2954 1194 2998 suae
1220 2933 1313 2997 vitae
1340 2942 1419 3015 post

297 3047 456 3098 mortem.

360 3130 460 3212 488.
494 3126 679 3208 Quomodo
698 3126 848 3208 jucunda
870 3127 963 3190 vitae
986 3125 1132 3208 cujusvis
1165 3135 1245 3206 post
1269 3133 1419 3188 mortem

296 3235 478 3288 vertuntur
499 3225 533 3286 in
561 3223 880 3304 correspondentia,
900 3221 1037 3304 quidem
1060 3243 1106 3285 ex
1130 3221 1276 3284 scientia
1306 3241 1419 3284 corre-

295 3319 578 3402 spondentiarum
595 3319 671 3380 sciri
687 3327 826 3398 potest;
851 3319 911 3380 sed
931 3317 1009 3399 quia
1025 3315 1084 3379 illa
1103 3316 1249 3379 scientia
1268 3316 1419 3378 nondum

296 3415 439 3496 vulgata
462 3423 528 3488 est,
553 3412 656 3477 velim
679 3413 773 3476 illam
796 3433 869 3477 rem
902 3433 964 3494 per
990 3412 1159 3494 quaedam
1182 3411 1418 3494 experientiae

296 3509 459 3592 exempla
487 3509 521 3571 in
551 3508 700 3590 aliquem
731 3509 842 3573 lucem
873 3509 1022 3571 mittere.
1067 3503 1198 3570 Omnes
1221 3505 1270 3570 illi
1299 3506 1355 3588 qui
1385 3507 1418 3568 in

297 3604 390 3667 malo
406 3613 497 3678 sunt,
512 3612 548 3666 et
564 3625 601 3666 se
618 3601 907 3667 confirmaverunt
923 3603 957 3665 in
973 3601 1067 3665 saleis
1079 3611 1201 3664 contra
1213 3621 1294 3664 vera
1306 3599 1417 3664 eccle-

189 3749 193 3766 .
296 3703 379 3774 siae,
403 3699 568 3780 imprimis
591 3699 648 3780 qui
673 3697 863 3779 rejecerunt
888 3697 1052 3771 Verbum,
1077 3696 1127 3760 illi
1149 3696 1282 3778 fugiunt
1307 3693 1418 3758 lucem

296 3795 395 3868 caeli,
415 3803 451 3858 et
474 3794 508 3857 in
531 3803 682 3877 cryptas,
702 3815 789 3876 quae
812 3795 846 3856 in
869 3793 1037 3876 aperturis
1060 3801 1228 3875 apparent
1251 3789 1418 3871 caligino-

683 4043 732 4096 [(ιιιι
746 4055 791 4086 nnc
792 4055 822 4085 ιιι
807 4053 912 4085 unitatae
884 4043 1027 4096 temnunt]

350 4170 387 4238 (s)
350 4167 532 4241 (Quod‘
533 4167 714 4223 ‘tenebrae”
734 4167 764 4221 in
781 4167 883 4224 Verbo
904 4182 942 4222 ex
961 4164 1230 4236 correspondentia
1249 4162 1418 4236 significent

296 4239 378 4300 msa
389 4249 444 4295 ac
447 4241 573 4296 densae
585 4238 751 4294 tenebrae
760 4237 922 4310 seucaligo
935 4235 1011 4294 falsa
1024 4237 1093 4292 mali
1107 4237 1149 4307 (n.
1162 4233 1417 4306 1839‚1860‚7688.

296 4312 441 4436 ⁷7¹¹)uod
457 4381 508 4436 lux
521 4380 596 4435 caeli
610 4380 650 4435 sit
662 4379 761 4450 caligo
774 4379 859 4436 malie
873 4379 914 4448 (ιι.
931 4377 1006 4440 ιὸ6ι
1016 4379 1099 4462 6832,
1113 4377 1204 4447 8ι97).

380 4453 440 4506 uod
451 4452 503 4536 qui
517 4452 547 4506 in
561 4451 685 4507 internis
697 4460 775 4512 sunt,
785 4451 924 4506 dicantur
935 4466 1002 4506 esee
1015 4450 1044 4504 in
1058 4449 1199 4510 tenebris,
1209 4448 1280 4520 quia
1292 4447 1322 4502 in
1335 4445 1418 4504 iabiu

297 4523 376 4578 mair.
390 4523 429 4578 de
442 4523 559 4622 quibus·
565 4525 606 4614 (p.
596 4537 698 4649 appo
692 4521 789 4606 4418
782 4523 894 4646 4530·

350 4592 472 4664 9⁶⁴uod
479 4593 575 4650 caeci'
577 4593 624 4648 'in
686 4595 739 4647 rbo
753 4594 924 4670 signierit
937 4592 1005 4647 iilos
1017 4608 1068 4663 qur
1083 4608 1112 4646 ιιι
1127 4589 1208 4646 falsis
1221 4600 1299 4650 sunt
1313 4599 1343 4645 et
1357 4605 1417 4642 non

297 4665 427 4718 volunt
420 4665 527 4721 instrui
544 4667 584 4735 (n
599 4665 677 4734 2383,
690 4665 783 4734 6990)
