3350 5366
316 667 378 735 370
640 663 690 714 us
712 660 839 712 casco
863 661 911 712 su
934 657 1116 712 mssnno

313 833 495 910 vinditiae,
506 855 593 920 quae
605 845 685 900 sunt
698 834 789 898 mala
804 833 894 898 illius
909 833 1045 908 amoris.
1057 842 1095 897 ut
1111 827 1353 916 supradictum
1369 843 1435 897 est.

314 932 440 998 Omnia
466 933 595 996 inserna
621 932 711 996 tales
737 932 926 996 societates
952 940 1055 1008 sunt;
1089 949 1193 1012 quare
1219 929 1265 992 ibi
1292 929 1435 1011 quisque

313 1031 416 1094 corde
434 1030 525 1112 gerit
544 1029 661 1092 odium
680 1037 804 1092 contra
821 1026 981 1101 alterum,
999 1046 1038 1090 ac
1062 1047 1107 1090 ex
1132 1026 1213 1090 odio
1227 1025 1378 1107 erumpit
1400 1026 1434 1088 in

313 1143 426 1199 saeva,
450 1133 618 1206 quantum
641 1123 747 1186 valet.
788 1121 867 1187 Hac
889 1122 1055 1186 saevitiae
1083 1130 1120 1184 et
1153 1120 1233 1184 inde
1263 1120 1434 1184 cruciatus

313 1219 554 1302 intelliguntur
569 1220 676 1284 etiam
694 1239 755 1302 per
772 1219 890 1300 ignem
905 1217 1119 1294 iniemalem,
1137 1235 1217 1282 nam
1232 1228 1317 1282 sunt
1331 1215 1433 1282 effec-

313 1325 369 1380 tus
387 1315 627 1398 cupiditatum.

374 1423 473 1493 574.
502 1407 611 1492 Supra
628 1405 676 1490 (n.
696 1405 771 1490 548)
788 1417 965 1473 ostensum
980 1417 1046 1484 est,
1058 1406 1150 1491 quod
1166 1407 1305 1490 spiritus
1323 1407 1434 1470 malus

313 1525 350 1570 se
369 1515 494 1587 sponte
510 1503 672 1584 conjiciat
691 1505 724 1567 in
744 1503 934 1566 infernum:
959 1523 1065 1586 quare
1083 1504 1189 1568 etiam
1207 1504 1324 1585 paucis
1340 1503 1433 1566 dice·

312 1611 378 1675 tur,
399 1599 489 1663 unde
518 1599 584 1662 hoc
611 1597 662 1674 fit,
682 1617 759 1662 cum
786 1609 905 1662 tamen
932 1598 966 1662 in
995 1597 1128 1662 inferno
1155 1597 1247 1662 tales
1264 1598 1435 1662 cruciatus

312 1705 403 1758 sunt.
448 1693 504 1756 Ex
521 1693 677 1776 quolibet
691 1693 824 1757 inferno
839 1692 1024 1756 exhalatur
1035 1693 1182 1774 sphaera
1194 1693 1433 1774 cupiditatum,

312 1789 346 1852 in
369 1789 491 1872 quibus
509 1799 589 1852 sunt
613 1787 662 1851 illi
684 1790 742 1871 qui
765 1789 820 1852 ibi.
868 1787 965 1851 llaec
985 1787 1135 1870 sphaera
1151 1807 1227 1852 cum
1248 1787 1434 1869 percipitur

311 1884 356 1948 ab
378 1884 439 1946 illo
457 1884 514 1966 qui
536 1883 571 1946 in
594 1883 694 1946 simili
713 1883 904 1965 cupiditate
926 1893 993 1957 est,
1010 1881 1157 1946 afficitur
1175 1883 1290 1956 corde,
1309 1893 1346 1946 et
1369 1882 1433 1944 im-

312 1979 426 2060 pletur
444 1978 617 2060 jucundo;
651 1997 731 2042 nam
761 1979 931 2061 cupiditas
953 1988 990 2042 et
1020 1976 1092 2058 ejus
1111 1977 1306 2059 jucunditas
1328 1995 1433 2040 unum

311 2074 461 2152 iaciunt;
492 2073 584 2156 quod
607 2075 699 2138 enirn
722 2073 844 2156 aliquis
867 2074 973 2154 cupit,
997 2073 1064 2137 hoc
1091 2074 1122 2136 ei
1147 2071 1334 2154 jucundum
1356 2081 1432 2141 est:

312 2169 390 2232 inde
409 2179 474 2243 est,
494 2169 587 2251 quod
609 2169 747 2252 spiritus
768 2189 806 2232 se
828 2167 909 2232 illuc
927 2177 1122 2242 convertat,
1143 2177 1180 2232 et
1202 2167 1283 2230 illuc
1306 2187 1352 2230 ex
1378 2165 1431 2248 ju·

312 2265 425 2327 cundo
444 2265 557 2327 cordis
580 2265 718 2347 cupiat;
752 2263 906 2327 nondum
930 2265 1021 2326 enim
1051 2263 1116 2326 scit
1142 2263 1235 2345 quod
1268 2263 1358 2328 tales
1385 2261 1432 2324 ibi

312 2360 483 2423 cruciatus
498 2360 579 2434 sint,
593 2369 629 2424 et
647 2361 704 2441 qui
721 2361 786 2423 scit
803 2379 910 2441 usque
929 2358 1010 2422 illuc
1026 2360 1145 2438 cupit3
1169 2377 1272 2423 nemo
1287 2358 1378 2424 onim
1396 2357 1430 2418 in

312 2455 440 2518 mundo
458 2453 623 2537 spirituali
642 2455 802 2518 resistere
820 2463 939 2536 potest
957 2453 1137 2534 cupiditati
1159 2473 1252 2528 suae,
1271 2455 1351 2535 quia
1372 2473 1431 2516 cu·

311 2550 439 2631 piditas
467 2557 520 2612 est
548 2548 620 2630 ejus
649 2550 786 2624 amoris,
806 2560 843 2613 et
872 2567 969 2612 amor
994 2558 1048 2612 est
1075 2547 1147 2629 ejus
1169 2548 1371 2622 voluntatis,
1394 2559 1431 2614 et

311 2643 473 2708 voluntas
495 2653 550 2708 est
572 2643 644 2725 ejus
662 2653 817 2718 naturae,
833 2653 870 2708 et
888 2644 1030 2725 quisque
1056 2643 1101 2706 ibi
1130 2663 1177 2706 ex
1205 2652 1329 2706 natura
1345 2643 1429 2725 agit.

311 2737 398 2802 Cum
414 2739 531 2820 itaque
547 2739 684 2820 spiritus
703 2759 764 2802 sua
779 2748 905 2820 sponte
923 2747 983 2802 aut
1001 2757 1048 2800 ex
1066 2757 1129 2800 suo
1144 2737 1252 2802 libero
1269 2736 1369 2802 alluit
1386 2739 1430 2802 ad

311 2853 408 2896 suum
431 2833 610 2908 infernum,
634 2853 675 2896 ac
698 2835 819 2908 intrat,
839 2844 922 2898 tunc
945 2833 1089 2914 primum
1113 2833 1285 2914 excipitur
1307 2833 1428 2908 amice,

311 2929 456 2991 credens
479 2929 526 2992 sic
549 2929 641 3011 quod
663 2929 754 2993 inter
775 2930 907 2992 amicos
924 2928 1078 3004 venerit;
1112 2927 1174 2990 sed
1201 2927 1267 2990 hoc
1296 2937 1431 3008 perstat

311 3023 416 3087 modo
438 3043 499 3105 per
513 3022 646 3105 aliquot
668 3023 791 3100 horas;
819 3025 953 3086 interea
970 3022 1175 3104 exploratur
1189 3022 1282 3106 quali
1303 3023 1431 3088 astutia

310 3128 376 3191 est,
395 3126 433 3181 et
455 3117 535 3181 inde
559 3117 651 3200 quali
674 3118 814 3182 valore:
845 3138 915 3201 quo
937 3118 1127 3200 explorato
1145 3118 1312 3199 incipiunt
1334 3117 1430 3182 illum

310 3211 483 3287 infestare,
495 3222 531 3276 et
547 3211 614 3276 hoc
629 3213 731 3276 variis
747 3211 869 3286 modis,
885 3233 926 3276 ac
942 3213 1137 3276 successive
1148 3212 1258 3274 acrius
1273 3221 1309 3276 et
1324 3212 1429 3278 vehe-

311 3307 471 3382 mentius,
494 3308 586 3389 quod
609 3307 647 3372 fit
671 3329 731 3390 per
752 3303 1043 3372 introductionem
1065 3307 1208 3370 interius
1230 3315 1267 3370 et
1290 3307 1428 3388 protun-

311 3403 386 3465 dius
408 3403 442 3464 in
464 3402 653 3466 infernum:
681 3421 761 3465 nam
783 3421 851 3484 quo
868 3403 1010 3465 interius
1032 3411 1069 3464 et
1091 3401 1288 3482 profundius
1310 3402 1368 3478 ibi,
1387 3421 1430 3466 co

311 3497 531 3578 maligniores
560 3497 700 3579 spiritus
732 3507 823 3561 sunt.
878 3495 961 3560 Post
993 3496 1232 3560 infestationes
1261 3497 1430 3578 incipiunt

311 3593 442 3655 saevire
471 3593 505 3654 in
527 3591 624 3655 illum
646 3611 707 3674 per
729 3611 870 3674 poenas,
889 3601 926 3655 et
948 3591 1015 3655 hoc
1038 3609 1145 3672 usque
1167 3591 1248 3654 dum
1270 3589 1430 3656 redactus

310 3695 366 3750 est
398 3687 433 3749 in
465 3705 610 3750 servum.
654 3685 723 3750 Sed
752 3686 831 3768 quia
861 3687 908 3750 ibi
940 3686 1103 3749 continue
1132 3684 1280 3748 rebelles
1315 3695 1430 3750 motus

310 3782 478 3855 existunt.
492 3781 652 3864 quoniam
662 3782 803 3864 quisque
818 3781 863 3844 ibi
879 3780 953 3844 vult
969 3782 1140 3844 maximus
1155 3799 1242 3855 esse,
1254 3790 1292 3845 et
1307 3791 1430 3846 contra

309 3875 398 3940 alios
415 3876 496 3940 odio
514 3874 649 3958 flagrat,
665 3877 745 3940 inde
761 3876 841 3940 novi
859 3875 1024 3953 insultus;
1047 3877 1096 3938 sic
1115 3895 1183 3938 una
1197 3894 1303 3938 scena
1316 3885 1429 3940 muta-

311 3981 366 4034 tur
388 3971 422 4033 in
440 3970 611 4049 alteram
640 3991 745 4054 quare
763 3971 813 4034 illi
835 3971 892 4053 qui
910 3972 1001 4034 servi
1022 3969 1102 4034 iacti
1120 3978 1202 4034 suut
1220 3970 1429 4046 eximuntur,

311 4075 349 4128 ut
368 4075 547 4148 praestent
566 4085 667 4148 opem
687 4085 780 4129 novo
798 4066 935 4130 cuidam
954 4065 1094 4130 diabolo
1112 4066 1157 4128 ad
1175 4064 1428 4146 subjugandum

311 4159 420 4238 alios;
443 4171 525 4224 tunc
545 4160 594 4224 illi
611 4161 669 4243 qui
688 4181 724 4223 se
743 4180 813 4223 non
831 4161 1051 4235 submittunt,
1069 4159 1166 4224 etad
1185 4169 1306 4224 nutum
1324 4160 1430 4224 servi·

311 4265 384 4331 unt,
403 4256 527 4322 iterum
545 4257 648 4320 variis
666 4255 778 4318 modis
795 4257 1001 4330 cruciantur,
1020 4255 1120 4319 etsie
1143 4255 1316 4320 continue.
1360 4253 1429 4317 Ta·

311 4351 362 4414 les
390 4351 561 4416 cruciatus
589 4360 671 4416 sunt
699 4351 874 4415 cruciatus
902 4349 1033 4426 inferni,
1053 4351 1110 4434 qui
1137 4349 1228 4432 ignis
1255 4349 1429 4413 infernalis

310 4455 488 4509 vocantur.
531 4485 534 4488 -
682 4490 689 4508 2

373 4551 470 4624 575.
499 4538 636 4604 Stridor
652 4549 770 4604 autem
792 4539 947 4604 dentium
966 4549 1021 4603 est
1039 4539 1204 4603 continua
1221 4538 1429 4621 disceptatio

311 4643 346 4697 et
361 4653 477 4717 pugna
495 4633 657 4700 falsorum
680 4637 773 4701 inter
793 4655 843 4713 se,
862 4635 1006 4718 proinde
1028 4633 1164 4699 illorum
1186 4635 1244 4718 qui
1272 4635 1307 4698 in
1337 4631 1429 4698 salsis
