3350 5366
421 705 597 756 nouom
622 691 761 754 lrneno
784 701 853 752 nsr
876 701 945 752 nan
969 699 1257 765 nrournrnnrun.
1342 687 1408 768 387,

277 858 349 938 ¹nisi
371 874 489 938 videat
512 872 572 937 illa
595 871 628 936 in
651 893 700 948 se,
720 881 756 936 et
779 879 948 954 agnoscat
972 869 1041 945 illa,
1062 880 1098 934 et
1120 871 1200 933 dein
1219 871 1307 937 nolit
1330 873 1401 947 illa,

285 979 321 1033 et
340 969 481 1032 tandem
500 978 676 1031 aversetur
691 967 770 1046 illa;
793 975 875 1030 tunc
887 966 1032 1049 primum
1048 975 1276 1030 removentur.
1323 966 1401 1030 Hoc

286 1083 354 1127 non
370 1061 440 1126 fieri
456 1072 586 1146 potest,
604 1063 668 1125 nisi
683 1062 788 1124 homo
803 1069 875 1125 tam
894 1064 928 1124 in
944 1060 1036 1124 bono
1051 1079 1154 1142 quam
1172 1062 1207 1123 in
1226 1061 1319 1124 malo
1334 1065 1378 1126 sit
1394 1083 1402 1140 ;

284 1179 330 1222 ex
352 1159 446 1222 bono
464 1159 556 1220 enim
576 1167 693 1240 potest
713 1157 829 1220 videre
848 1156 950 1230 mala,
970 1153 1031 1218 sed
1055 1173 1124 1218 non
1146 1175 1167 1217 a
1190 1155 1283 1219 malo
1301 1157 1403 1220 bona.

288 1255 384 1318 Bona
403 1253 590 1336 spiritualia
610 1272 697 1334 quae
715 1251 821 1314 homo
840 1253 995 1333 cogitare
1014 1260 1143 1330 potest,
1163 1251 1264 1316 discit
1283 1253 1329 1314 ab
1350 1253 1402 1314 in-

284 1351 391 1414 fantia
415 1369 460 1412 ex
484 1347 632 1412 lectione
652 1347 769 1422 Verbi,
789 1357 826 1411 et
855 1367 901 1410 ex
931 1347 1209 1429 praedicatione;
1241 1367 1281 1410 ac
1311 1348 1402 1412 bona

285 1444 427 1509 moralia
444 1453 481 1508 et
511 1443 623 1507 civilia
645 1463 691 1506 ex
720 1445 793 1506 vita
825 1443 859 1504 in
886 1442 1024 1504 mundo.
1070 1439 1148 1505 Hoc
1172 1442 1316 1522 primurn
1335 1457 1401 1520 est,

284 1559 342 1603 cur
365 1537 470 1602 homo
493 1540 527 1602 in
551 1537 660 1601 libero
679 1557 755 1601 esse
778 1537 895 1600 debet.
939 1535 1098 1600 Alterum
1122 1547 1187 1610 est,
1207 1538 1299 1619 quod
1318 1538 1402 1602 nihil

283 1635 521 1715 approprietur
537 1633 679 1708 homini,
696 1633 760 1696 nisi
776 1632 875 1714 quod,
886 1629 924 1694 lit
941 1651 984 1694 ex
1002 1628 1181 1694 allectione
1200 1653 1286 1714 quae
1305 1653 1401 1697 amo-

283 1729 346 1791 ris:
371 1728 501 1811 reliqua
517 1729 655 1813 quidem
668 1729 795 1792 intrare
810 1736 968 1809 possunt,
982 1727 1042 1790 sed
1059 1746 1127 1789 non
1144 1727 1233 1790 ultra
1249 1749 1350 1810 quarn
1368 1732 1401 1794 in

283 1824 545 1904 cogitationem,
566 1832 602 1886 et
622 1843 690 1886 non
714 1823 748 1885 in
767 1822 1004 1898 voluntatem;
1036 1831 1071 1884 et
1095 1822 1186 1903 quod
1206 1843 1274 1886 non
1294 1825 1401 1888 intrat

283 1937 390 1999 usque
408 1919 442 1981 in
458 1917 676 1981 voluntatem
697 1917 856 1991 hominis,
876 1935 946 1979 non
969 1914 1007 1979 fit
1031 1916 1113 1998 ejus,
1134 1937 1213 1980 nam
1232 1921 1402 2000 cogitatio

283 2012 390 2076 trahit
410 2031 507 2074 suum
526 2033 571 2076 ex
592 2014 767 2088 memoria,
787 2013 849 2074 sed
868 2011 1031 2074 voluntas
1054 2033 1099 2074 ex
1123 2013 1196 2094 ipsa
1214 2014 1295 2076 vita.
1340 2015 1401 2076 Ni·

283 2105 330 2168 hil
350 2127 492 2188 usquam
513 2106 656 2170 liberum
673 2117 738 2181 est,
759 2107 849 2190 quod
873 2125 942 2170 non
973 2117 1026 2170 est
1053 2127 1098 2170 ex
1129 2108 1321 2184 voluntate,
1343 2121 1401 2172 s'eu

283 2199 373 2282 quod
390 2199 492 2276 idem,
512 2221 558 2264 ex
578 2200 759 2266 affectione
781 2221 869 2283 quae
884 2204 1028 2265 amoris:
1049 2202 1207 2284 quicquid
1227 2203 1318 2266 enim
1337 2202 1399 2266 ho-

283 2313 340 2357 mo
355 2295 430 2358 vult
447 2317 507 2359 seu
523 2307 629 2372 amat,
643 2297 709 2359 hoc
726 2296 831 2359 libere
847 2297 950 2362 facit:
974 2297 1053 2360 inde
1070 2307 1136 2371 est,
1150 2297 1241 2380 quod
1258 2297 1400 2360 liberum

283 2383 431 2452 hominis
457 2401 493 2454 et
518 2389 654 2454 affectio
673 2411 760 2473 quae
787 2401 841 2454 est
870 2393 995 2454 amoris
1024 2412 1083 2454 seu
1112 2393 1303 2456 voluntatis
1329 2391 1401 2474 ejus

283 2503 385 2546 unum
399 2486 468 2546 sint
481 2505 488 2562 ;
513 2485 591 2548 ideo
603 2487 719 2566 itaque
730 2486 860 2548 homini
876 2486 1030 2560 liberum,
1045 2496 1081 2550 ut
1096 2488 1205 2570 possit
1218 2486 1306 2550 affici
1318 2503 1401 2550 uero

283 2583 317 2640 et
326 2578 429 2652 bono,
442 2599 501 2642 seu
514 2600 628 2642 amare
640 2580 710 2656 illa,
722 2591 757 2644 et
769 2583 815 2644 sic
830 2580 900 2644 lieri
912 2583 1000 2644 sicut
1011 2581 1082 2663 ejus
1094 2584 1239 2664 propria.
1271 2581 1399 2656 Verbo,

282 2673 441 2755 quicquid
461 2694 530 2737 non
550 2675 657 2738 intrat
681 2677 714 2738 in
735 2676 844 2739 libero
862 2676 952 2758 apud
972 2677 1159 2751 hominem,
1180 2696 1248 2742 non
1269 2687 1398 2751 manet,

281 2767 443 2848 quianon
463 2779 517 2832 est
536 2773 661 2832 amoris
678 2791 738 2834 seu
753 2771 944 2834 voluntatis
957 2771 1049 2852 ejus;
1073 2783 1108 2836 et
1127 2793 1215 2854 quae
1234 2793 1302 2834 non
1319 2781 1400 2835 sunt

281 2862 405 2923 amoris
422 2881 480 2925 seu
491 2863 680 2928 voluntatis
695 2865 855 2939 hominis,
870 2885 939 2929 non
956 2875 1036 2930 sunt
1048 2865 1119 2947 ejus
1131 2868 1269 2947 spiritus
1282 2888 1290 2942 ;
1313 2865 1401 2930 Esse

281 2955 371 3018 enim
400 2958 540 3038 spiritus
564 2958 711 3023 hominis
739 2971 793 3023 est
824 2979 921 3024 amor
950 2981 1010 3024 seu
1039 2961 1211 3024 voluntas.
1267 2960 1401 3025 Dicitur

281 3067 376 3112 amor
398 3070 457 3114 seu
480 3053 653 3129 voluntas,
677 3057 838 3137 quoniam
862 3057 952 3138 quod
976 3056 1081 3120 homo
1103 3067 1199 3120 amat
1225 3055 1291 3120 hoc
1314 3057 1400 3120 vult.

284 3139 380 3207 Haec
405 3166 494 3209 nunc
524 3159 578 3212 est
608 3167 723 3223 causa,
743 3151 835 3232 quod
866 3151 971 3213 homo
1000 3170 1069 3214 non
1093 3153 1202 3232 possit
1225 3151 1400 3215 reformari

282 3237 344 3300 nisi
366 3239 400 3301 in
424 3240 541 3305 libero.
586 3241 653 3306 Sed
675 3243 772 3324 plura
789 3245 833 3308 de
852 3243 978 3308 Libero
996 3245 1144 3310 hominis
1162 3247 1343 3310 videantur
1365 3248 1399 3308 in

280 3329 432 3396 Arcano
451 3334 656 3400 Caelestibus
674 3340 708 3400 in
729 3338 813 3401 locis
832 3340 948 3403 citatis
966 3341 1061 3404 inira.

343 3439 451 3506 599·
481 3427 532 3492 Ut
552 3431 656 3492 homo
675 3433 709 3493 in
729 3432 838 3495 libero
857 3435 913 3510 sit,
933 3453 979 3498 ex
1002 3455 1106 3498 causa
1124 3443 1161 3500 ut
1184 3435 1398 3510 reformetur,

278 3517 359 3581 ideo
382 3521 601 3604 conjungitur
623 3525 682 3588 ille
704 3528 818 3608 quoad
842 3530 996 3610 spiritum
1019 3549 1116 3593 suum
1141 3549 1219 3594 cum
1242 3531 1339 3595 caelo
1361 3541 1399 3595 et

281 3629 359 3675 cum
388 3613 529 3680 inferno.
575 3617 662 3684 Sunt
692 3623 782 3684 enirn
814 3625 904 3704 apud
934 3627 1194 3707 unumquemvis
1223 3627 1398 3690 hominem

281 3709 420 3790 spiritus
437 3731 482 3774 ex
502 3713 644 3788 inferno,
664 3725 700 3780 et
719 3717 835 3797 angeli
853 3739 872 3782 e
891 3719 1008 3783 caelo:
1037 3739 1098 3801 per
1115 3722 1256 3802 spiritus
1278 3741 1323 3784 ex
1346 3723 1398 3784 in·

280 3801 375 3866 serno
398 3815 451 3868 est
475 3806 580 3870 homo
603 3811 636 3870 in
660 3831 722 3874 suo
746 3811 849 3888 malo,
869 3831 929 3896 per
950 3815 1095 3896 angelos
1118 3825 1235 3880 autem
1258 3837 1276 3880 e
1300 3817 1399 3880 caelo

281 3907 334 3961 est
353 3897 458 3963 homo
477 3903 510 3964 in
530 3903 622 3966 bono
640 3925 660 3966 a
681 3903 852 3970 Domino:
880 3910 929 3974 ita
947 3910 982 3972 in
1001 3911 1203 3994 aequilibrio
1219 3913 1397 3994 spirituali,

280 3991 345 4055 hoc
365 4003 430 4068 est,
452 3996 484 4058 in
509 3996 626 4062 libero.
672 3998 775 4081 Quod
795 4003 901 4067 cuivis
919 4003 1048 4069 homini
1072 4008 1141 4070 sint
1163 4003 1312 4090 adjuncti
1336 4027 1397 4071 an·

280 4083 349 4166 geli
379 4108 398 4151 e
421 4089 531 4166 caelo,
555 4101 590 4156 et
620 4095 758 4175 spiritus
781 4117 826 4161 ex
849 4099 993 4178 inferno,
1017 4102 1173 4166 videatur
1195 4105 1228 4166 in
1252 4103 1398 4167 articulo

281 4177 334 4246 De
350 4180 597 4265 Coniunctione
614 4187 708 4254 Caeli
724 4209 802 4256 cum
820 4191 982 4259 Humano
998 4194 1132 4260 Genere
1151 4196 1198 4280 (n.
1212 4194 1386 4282 291-302).

342 4276 451 4344 6⁰0·
483 4279 668 4346 Sciendum
697 4297 763 4359 est,
794 4289 885 4370 quod
916 4289 1112 4372 conjunctio
1140 4292 1289 4356 hominis
1318 4313 1396 4357 cum

279 4368 378 4434 caelo
406 4383 442 4464 et
472 4395 549 4440 cum
573 4379 714 4454 inferno.
735 4401 804 4444 non
834 4385 880 4447 sit
906 4385 1105 4451 immediate
1128 4396 1207 4452 culn
1234 4389 1311 4464 illis,
1335 4391 1396 4454 sed

279 4463 430 4570 mediate
449 4487 508 4548 per
525 4474 661 4552 spiritus
680 4477 736 4557 qui
755 4477 789 4538 in
808 4479 937 4543 mundo
953 4482 1132 4563 spirituum
1147 4494 1250 4562 sunt3
1274 4483 1308 4548 hi
1327 4487 1396 4566 spi-

278 4565 363 4664 ritus
381 4571 461 4624 sunt
480 4566 570 4646 apud
586 4567 773 4644 hominem,
797 4581 834 4634 at
853 4573 937 4637 nulli
959 4595 1006 4638 ex
1029 4577 1104 4659 ipso
1122 4578 1255 4642 inferno
1284 4589 1321 4642 et
1349 4599 1395 4646 ex

277 4667 353 4732 rpso
367 4653 485 4720 caelo:
509 4677 569 4740 per
584 4663 723 4742 spiritus
739 4665 851 4730 malos
865 4668 899 4732 in
916 4671 1044 4736 mundo
1060 4673 1237 4756 spirituum
1254 4673 1396 4760 conjun-
