3350 5366
280 612 344 696 380
605 627 657 682 os
676 625 805 681 cnseo
827 629 877 680 su
899 629 1080 685 suasano.

278 798 460 868 charitatis
479 808 515 868 et
533 797 622 875 fidei,
646 800 805 872 uideatur
825 801 1026 870 itt-articulo
1044 803 1097 868 De
1119 803 1337 871 Surr‘statihus
1349 827 1401 872 ‘es

278 895 399 976 qualus
421 893 521 962 culi
538 895 724 964 conserant
743 894 954 981 (a41··5o);
973 909 1014 966 ,et
1036 899 1072 964 in
1094 901 1240 964 articido
1257 901 1310 965 De
1329 902 1399 966 Iru-

278 989 457 1056 mensuare
483 989 582 1057 Caeli
604 989 654 1072 (n.
675 990 861 1074 415*42⁰)²
892 993 1051 1062 similiter
1070 995 1188 1077 itaque
1211 997 1400 1061 societates

278 1085 472 1161 infernales,
490 1105 579 1168 quae
595 1086 852 1154 discriminatae
875 1098 955 1154 sunt
978 1091 1166 1154 secundum
1189 1091 1282 1155 mala
1299 1092 1400 1155 bursis
1496 1137 1498 1142 -

278 1181 448 1262 opposita.
493 1180 756 1264 Unumquodvis
787 1181 915 1251 malum
942 1196 995 1248 est
1025 1183 1180 1250 infinitae
1209 1188 1398 1263 uarietatis,

278 1276 366 1340 sicut
383 1276 634 1359 unumquodvis
653 1277 791 1343 bonum.
837 1276 940 1358 Quod
959 1280 1009 1342 ita
1028 1281 1084 1355 sit,
1103 1299 1173 1343 non
1191 1283 1331 1364 capiunt
1349 1279 1399 1343 illi

278 1372 335 1452 qui
360 1371 463 1436 modo
486 1371 677 1453 simplicem
695 1374 810 1440 ideam
840 1375 883 1438 de
914 1376 1106 1458 unoquovis
1134 1375 1228 1440 malo
1255 1376 1397 1451 habeut,

278 1465 366 1530 sicut
386 1466 429 1528 de
447 1476 662 1550 contemptu,
679 1469 722 1534 de
737 1469 927 1544 inimicitia,
947 1471 991 1534 de
1009 1471 1099 1546 odio,
1116 1470 1160 1534 de
1175 1469 1338 1546 mutua,
1353 1471 1399 1534 de

278 1559 372 1634 dolo,
393 1571 429 1628 et
451 1562 496 1629 de
518 1562 683 1628 similibus
702 1563 799 1628 aliis:
823 1565 884 1628 sed
905 1566 1018 1631 sciant
1036 1567 1128 1648 quod
1147 1565 1399 1648 unumquodvis

278 1676 324 1722 ex
341 1657 409 1722 illis
424 1658 600 1722 contineat
617 1667 671 1722 tot
687 1657 896 1724 differentias
912 1660 1100 1742 specificas,
1117 1671 1153 1726 et
1169 1671 1224 1724 tot
1239 1659 1398 1724 differen-

278 1754 347 1818 tias
359 1755 482 1819 iterum
495 1752 671 1835 specificas
681 1773 741 1818 seu
758 1755 991 1836 particulares,
1003 1766 1039 1820 ut
1056 1775 1125 1820 non
1141 1755 1289 1820 sufficiat
1299 1755 1399 1819 uolu-

278 1867 359 1916 men
375 1849 441 1914 illis
455 1851 705 1915 enumerandis.
738 1850 875 1913 Inferna
889 1861 971 1914 sunt
984 1853 1171 1916 secundum
1188 1850 1398 1916 differentias

278 1943 424 2026 cujusvis
443 1945 524 2010 mali
546 1946 596 2009 ita
614 1947 774 2010 ordinate
790 1944 964 2022 distindta,
985 1957 1022 2012 ut
1045 1946 1129 2010 nibil
1147 1948 1338 2013 ordinatius
1359 1956 1398 2010 et

278 2039 483 2106 distinctius.
528 2041 613 2107 Inde
626 2052 786 2106 constare
799 2052 929 2123 potest,
942 2044 1032 2125 quod
1045 2045 1114 2107 sint
1127 2041 1397 2117 innumerabilia,

278 2155 380 2202 unum
399 2155 503 2219 prope
518 2135 677 2211 alterum,
690 2147 726 2200 et
742 2157 845 2200 unum
861 2149 994 2202 remote
1013 2139 1056 2202 ab
1071 2138 1194 2213 altero,
1211 2137 1398 2201 secundum

278 2231 486 2298 differentias
509 2231 677 2296 malorum
700 2233 735 2294 in
757 2251 895 2313 genere,
920 2233 953 2296 in
977 2235 1102 2313 specie,
1126 2242 1164 2296 et
1190 2233 1224 2295 in
1246 2233 1397 2314 particu-

277 2327 350 2390 lari.
396 2326 483 2392 Sunt
501 2347 636 2409 quoque
655 2327 785 2390 inferna
803 2328 867 2390 sub
885 2328 1042 2391 infernis:
1066 2337 1146 2392 sunt
1162 2328 1397 2392 communica·

278 2424 392 2488 tiones
410 2423 624 2505 quorundam
643 2441 703 2504 per
720 2424 897 2498 transitus,
915 2433 951 2488 et
970 2433 1051 2488 sunt
1066 2423 1398 2488 communicationes

277 2517 422 2600 plurium
442 2539 503 2600 per
521 2517 775 2594 exhalationes,
791 2529 828 2582 et
847 2519 913 2582 boc
933 2537 1069 2600 prorsus
1085 2519 1271 2582 secundum
1288 2517 1397 2582 affini·

277 2621 372 2678 tates
385 2615 481 2676 unius
494 2615 629 2694 generis
645 2624 681 2677 et
697 2615 794 2678 unius
806 2615 932 2695 speciei
945 2613 1027 2677 mali
1038 2633 1115 2681 cum
1130 2614 1217 2681 aliis.
1261 2613 1400 2676 Inferna

277 2719 408 2790 quanto
436 2729 578 2772 numero
605 2717 695 2784 sunt,
713 2709 834 2772 datum
853 2709 934 2774 mihi
957 2719 1011 2773 est
1038 2711 1125 2772 scire
1153 2727 1200 2772 ex
1231 2727 1284 2782 eo,
1302 2708 1397 2790 quod

276 2803 410 2866 inferna
432 2805 500 2866 sint
522 2803 587 2867 sub
616 2803 710 2867 omni
728 2815 859 2880 monte,
879 2804 970 2868 colle
994 2813 1032 2867 et
1063 2814 1172 2886 petra,
1197 2813 1240 2867 et
1262 2819 1398 2885 quoque

277 2897 341 2962 sub
351 2899 444 2960 omni
457 2899 600 2979 planitie
617 2909 653 2964 et
668 2899 770 2975 valle,
783 2909 819 2963 et
835 2901 927 2981 quod
943 2900 1006 2962 sub
1017 2899 1085 2962 illis
1101 2917 1137 2962 se
1150 2899 1346 2970 extendant,
1362 2898 1397 2960 in

278 2992 432 3074 longum,
457 2993 578 3069 latum,
602 3004 637 3057 et
661 2993 884 3076 profundum
911 2995 1028 3068 verbo,
1050 3003 1163 3057 totum
1184 2991 1331 3068 caelum,
1354 3010 1396 3054 aa

278 3097 375 3152 totus
394 3089 539 3152 muudus
556 3089 748 3170 spirituum,
768 3099 848 3152 sum
871 3089 968 3171 quasi
990 3089 1164 3162 excavati,
1183 3097 1220 3151 et
1242 3085 1307 3150 sub
1329 3086 1398 3150 illis

277 3185 479 3248 continuum
498 3183 676 3249 infernum.
723 3182 820 3247 Haec
837 3185 882 3248 de
902 3184 1100 3265 pluralitate
1117 3182 1337 3246 infernorum.

649 3464 1026 3476 ---

764 3671 908 3756 [LXII]

345 3857 404 3921 Da
427 3855 688 3934 Aeommnnro
711 3869 830 3921 mssa
853 3855 1017 3922 Cueuou
1039 3869 1089 3920 su
1112 3857 1327 3922 quentium.

339 4039 443 4122 589·
472 4039 636 4108 Omnium
664 4040 900 4124 aequilibrium
929 4041 1006 4114 erit,
1030 4049 1068 4104 ut
1098 4040 1225 4124 aliquid
1249 4041 1394 4104 existat.

277 4136 421 4218 Absque
437 4137 638 4219 aequilibrio
654 4155 723 4199 non
747 4145 800 4200 est
820 4133 909 4198 aelio
927 4147 963 4198 et
979 4133 1130 4213 reacti03
1155 4155 1234 4198 nam
1253 4135 1395 4218 aequili-

277 4233 385 4294 brium
395 4241 449 4295 est
462 4233 551 4296 inter
563 4232 661 4294 binas
673 4233 772 4306 vires,
782 4249 923 4312 quarum
934 4249 1001 4293 una
1012 4231 1131 4311 agitet
1143 4231 1372 4313 alterareagit
1384 4249 1392 4294 ε

277 4326 373 4408 quies
391 4346 436 4390 ex
455 4327 556 4390 simili
574 4327 715 4408 agentia
731 4333 770 4389 et
789 4326 967 4405 reagentia
985 4335 1129 4390 vocatur
1146 4325 1390 4408 aequilibrium.
1495 4375 1498 4380 .

278 4421 318 4483 In
335 4422 462 4485 mundo
475 4422 622 4486 naturali
638 4433 693 4486 est
704 4420 940 4503 aequilibrium
956 4421 990 4482 in
1006 4421 1164 4484 omnibus
1175 4429 1212 4484 et
1229 4420 1392 4501 singulis:

278 4517 312 4578 in
335 4535 461 4597 genere
492 4519 525 4580 in
550 4519 631 4598 ipsis
654 4516 918 4598 atmosphaeris,
939 4517 972 4579 in
995 4517 1114 4598 quibus
1138 4515 1295 4579 inferiora
1318 4533 1393 4579 rea·

276 4621 363 4692 gunt
378 4623 414 4676 et
433 4614 609 4688 resistunt,
627 4621 793 4696 quantum
810 4612 982 4693 superiora
998 4621 1106 4693 agunt
1126 4621 1162 4675 et
1178 4612 1392 4676 incumbunt.
