3382 5358
330 665 382 717 DE
401 663 523 718 STATU
542 663 811 716 INNOCENTIAE
830 663 1071 716 ANGELORUM
1091 663 1132 714 IN
1152 663 1289 715 cauto.
1331 652 1388 733 163

266 835 352 902 caeli
372 835 559 902 secundum
577 834 811 900 innocentiam
827 856 835 914 ;
866 833 915 898 illi
934 835 991 918 qui
1014 835 1048 898 in
1071 833 1170 902 caelo
1188 833 1311 900 ultimo
1329 853 1391 899 seu

265 932 376 1013 primo
391 940 483 1008 sunt,
497 932 531 996 in
547 932 747 995 innocentia
759 933 857 1014 primi
874 952 933 995 seu
946 930 1058 996 ultimi
1074 930 1201 1012 gradus
1217 939 1319 1012 sunt;
1339 930 1391 994 illi

264 1028 320 1112 qui
337 1027 370 1090 in
386 1026 485 1091 caelo
501 1028 615 1092 medio
632 1048 691 1090 seu
707 1029 859 1092 secundo
875 1037 966 1104 sunt,
983 1029 1017 1092 in
1034 1027 1233 1090 innocentia
1249 1027 1389 1092 secundi

264 1143 324 1187 seu
341 1124 444 1187 medii
463 1123 590 1205 gradus
606 1134 706 1201 sunt;
731 1125 787 1206 qui
803 1133 921 1188 autem
940 1125 973 1187 in
990 1121 1089 1188 caelo
1104 1123 1231 1187 intimo
1243 1144 1303 1186 seu
1320 1131 1389 1186 ter·

264 1219 315 1284 tio
330 1230 421 1294 sunt,
436 1219 470 1282 in
481 1221 680 1283 innocentia
693 1221 785 1284 tertii
798 1239 858 1282 seu
874 1220 985 1284 intimi
1001 1220 1128 1302 gradus
1144 1228 1225 1281 sunt
1240 1237 1247 1297 ;
1264 1218 1299 1282 hi
1311 1219 1390 1283 ideo

264 1325 345 1378 sunt
363 1316 459 1397 ipsae
479 1316 698 1379 innocentiae
718 1315 817 1391 caeli,
835 1335 914 1379 nam
934 1335 1015 1398 prae
1031 1314 1154 1379 ceteris
1173 1323 1292 1378 amant
1312 1315 1390 1379 duci

264 1429 286 1475 a
304 1409 467 1485 Domino,
485 1410 573 1474 sicut
593 1410 743 1474 infantes
759 1431 780 1474 a
798 1431 860 1474 suo
879 1419 997 1492 patre;
1020 1429 1122 1492 quare
1142 1411 1248 1474 etiam
1267 1410 1389 1492 recipi·

253 1515 328 1568 ,unt
352 1505 514 1569 Divinum
538 1525 667 1581 verum,
687 1506 780 1588 quod
803 1505 859 1570 vel
882 1505 1084 1570 immediate
1106 1524 1127 1568 a
1150 1504 1312 1580 Domino,
1333 1503 1390 1570 vel

264 1599 418 1664 mediate
431 1619 491 1680 per
504 1598 656 1663 Verbum
673 1619 713 1664 ac
727 1621 787 1684 per
799 1600 1087 1682 praedicationes,
1098 1599 1253 1674 audiunt,
1267 1599 1390 1664 statim

264 1694 448 1758 voluntate
476 1704 511 1758 et
540 1695 670 1760 faciunt
699 1695 795 1772 illud,
816 1705 853 1760 et
882 1695 931 1759 sie
956 1695 1124 1760 mandant
1153 1695 1256 1760 vitae.
1304 1695 1389 1759 Inde

263 1789 331 1854 illis
350 1799 450 1854 tanta
469 1791 640 1874 sapientia
659 1811 741 1873 prae
760 1789 895 1872 angelis
913 1789 1108 1854 inferiorum
1128 1790 1301 1854 caelorum
1323 1789 1387 1872 (vi-

263 1885 387 1950 deatur
405 1905 437 1949 n.
458 1901 531 1966 270,
549 1884 638 1970 271).
684 1883 774 1968 Quia
791 1886 842 1950 illi
860 1885 976 1968 angeli
992 1885 1081 1950 tales
1101 1894 1192 1960 sunt,
1209 1886 1289 1950 ideo
1307 1895 1388 1949 sunt

262 1981 410 2062 proximi
426 1979 588 2056 Domino,
605 2001 626 2044 a
643 2000 710 2064 quo
726 1981 794 2046 illis
809 1991 865 2046 est
881 1982 1090 2055 innocentia,
1104 1989 1140 2044 et
1157 2000 1291 2063 quoque
1307 1991 1388 2044 sunt

263 2077 414 2158 separati
436 2095 456 2138 a
478 2076 625 2158 proprio,
645 2077 734 2140 adeo
752 2085 790 2140 ut
813 2077 932 2140 vivant
951 2078 1046 2159 quasi
1068 2076 1103 2140 in
1127 2075 1288 2138 Domino.
1334 2075 1389 2138 Illi

263 2180 432 2253 apparent
451 2170 624 2254 simplices
642 2173 676 2236 in
695 2181 845 2236 externa
864 2171 983 2248 sorma,
1002 2191 1042 2236 ac
1063 2191 1179 2236 coram
1198 2170 1307 2236 oculis
1326 2190 1387 2234 an-

263 2266 420 2348 gelorum
444 2267 637 2330 inferiorum
661 2266 834 2330 caelorum
864 2269 951 2330 sicut
972 2267 1131 2342 infantes,
1156 2267 1205 2330 ita
1235 2266 1387 2348 parvuli;

263 2370 299 2426 et
318 2381 453 2444 quoque
472 2362 561 2426 sicut
583 2362 640 2445 qui
663 2382 733 2426 non
753 2361 899 2426 multum
918 2363 1066 2444 sapiunt,
1087 2361 1229 2426 tametsi
1249 2361 1386 2443 sapien·

263 2457 387 2520 tissimi
403 2457 606 2538 angelorum
622 2457 710 2522 caeli
728 2467 808 2522 sunt
825 2477 833 2536 ;
858 2467 984 2522 norunt
1000 2459 1091 2522 enim
1111 2456 1202 2539 quod
1218 2456 1285 2520 illis
1304 2455 1389 2520 nihil

263 2553 454 2634 sapientiae
473 2553 518 2616 sit
537 2573 583 2616 ex
602 2572 650 2627 se,
667 2563 703 2617 et
719 2553 811 2635 quod
828 2571 948 2634 sapere
966 2553 1011 2618 sit
1029 2552 1063 2616 id
1082 2569 1293 2634 agnoscere:
1313 2559 1388 2614 tum

262 2647 354 2729 quod
365 2648 477 2712 sciunt
491 2648 536 2712 sit
549 2648 645 2730 quasi
656 2647 740 2712 nihil
753 2645 943 2730 respective
955 2648 999 2712 ad
1015 2647 1050 2712 id
1066 2647 1156 2731 quod
1171 2667 1239 2711 non
1252 2647 1364 2711 sciunt
1379 2667 1387 2726 ;

262 2741 298 2804 id
321 2743 419 2818 scire,
436 2763 628 2824 agnoscere
650 2752 686 2807 et
709 2745 883 2824 percipere
902 2743 1021 2808 dicunt
1044 2763 1121 2808 esse
1140 2742 1285 2825 primum
1307 2762 1387 2824 gra·

263 2837 344 2901 dum
374 2838 417 2900 ad
447 2837 664 2920 sapientiam.
710 2835 798 2902 Sunt
825 2839 931 2902 etiam
961 2838 1011 2902 illi
1039 2838 1157 2921 angeli
1186 2839 1278 2914 nudi,
1301 2859 1387 2921 quo-

264 2933 354 2996 niam
374 2932 513 2996 nuditas
532 2933 780 3014 correspondet
799 2931 1060 2998 innocentiae(ll

325 3027 420 3094 281·
443 3026 497 3090 De
516 3028 716 3092 innocentia
728 3027 874 3092 multum
894 3029 1029 3092 locutus
1048 3048 1123 3094 sum
1144 3049 1220 3093 cum
1240 3029 1386 3111 angelis,

262 3130 299 3185 et
315 3120 518 3186 informatus
530 3123 621 3205 quod
640 3123 841 3187 innocentia
856 3127 901 3188 sit
919 3123 1006 3188 Esse
1023 3125 1133 3188 omnis
1149 3125 1241 3198 boni,
1255 3125 1387 3188 et'inde

263 3215 354 3298 quod
373 3216 501 3279 bonum
522 3227 659 3280 tantum
679 3219 724 3283 sit
742 3219 871 3282 bonum
891 3230 1058 3302 quantum
1081 3221 1116 3283 in
1134 3219 1195 3284 illo
1215 3229 1269 3283 est
1289 3219 1386 3282 inno·

262 3311 400 3389 centia;
424 3322 676 3395 consequenter
694 3314 787 3395 quod
806 3315 975 3396 sapientia
994 3324 1131 3380 tanturn
1150 3317 1195 3379 sit
1217 3314 1388 3396 sapientia

263 3416 430 3487 quantum
446 3406 541 3472 ducit
559 3409 603 3470 ab
621 3408 822 3474 innocentia
837 3431 845 3488 ;
869 3410 1025 3476 similiter
1044 3431 1150 3496 amor,
1168 3411 1330 3485 charitas,
1351 3421 1386 3474 et

263 3497 348 3564 fides
362 3497 406 3579 ψ)
436 3511 472 3565 et
495 3502 588 3584 quod
610 3503 691 3568 inde
713 3505 770 3580 sit,
790 3503 882 3588 quod
901 3525 1005 3570 nemo
1023 3506 1151 3571 intrare
1174 3506 1283 3588 possit
1308 3525 1386 3568 cae·

699 3731 738 3784 (n
751 3743 851 3775 ucaurs
863 3734 1027 3786 umnam.)

317 3827 359 3897 (ι’)
369 3825 459 3901 Quod
470 3845 575 3886 omnes
584 3829 613 3885 in
623 3831 730 3887 intimo
736 3833 820 3888 caelo
830 3833 1086 3889 sintinnocentiae
1097 3835 1152 3903 (nr
1158 3846 1199 3904 54,
1208 3833 1285 3904 2736,
1294 3833 1385 3904 3887).

317 3899 357 3954 Et
369 3901 452 3970 quod
468 3901 539 3958 ideo
551 3913 717 3972 appareant
729 3904 795 3960 aliis
808 3913 842 3960 ut
855 3903 986 3960 infantes
1001 3907 1042 3974 (n.
1058 3905 1129 3976 154)-

345 3971 405 4025 uod
419 3971 510 4027 etiam
524 3973 584 4028 sint
598 3975 670 4027 nudi
685 3975 726 4042 (n.
743 3973 800 4043 165,
814 3974 891 4044 8375,
906 3975 997 4045 9960).

347 4042 406 4096 uod
417 4045 537 4098 nuditas
550 4044 590 4098 sit
601 4044 791 4100 innocentiae
806 4048 846 4114 (n.
863 4047 921 4116 165,
935 4045 1026 4116 8375).

346 4111 405 4166 uod
420 4129 485 4168 mos
495 4114 534 4168 sit
545 4115 699 4184 spiritibus
708 4117 840 4171 testandi
851 4117 1053 4172 innocentiam
1063 4115 1277 4190 perextrahere
1286 4127 1385 4173 vestes

262 4189 294 4240 et
305 4197 339 4238 ae
351 4183 457 4240 sistere
470 4185 566 4240 nudos
581 4189 621 4255 (n.
636 4185 719 4256 [165,]
733 4185 811 4258 8375,
825 4188 916 4258 9960).
1367 4185 1369 4192 '

302 4305 306 4312 ·
317 4281 360 4352 (k)
380 4281 469 4355 Quod
480 4298 570 4340 omne
580 4283 693 4340 bonum
703 4283 814 4338 amoris
826 4294 858 4338 et
870 4300 973 4340 verum
984 4281 1054 4340 fidei
1068 4283 1098 4338 in
1111 4300 1144 4339 se
1156 4281 1266 4340 habere
1276 4284 1386 4342 debeat

263 4351 474 4416 innocentiam,
487 4365 522 4410 ut
537 4354 577 4410 stt
592 4355 706 4412 bonurn
721 4365 753 4410 et
766 4371 870 4410 verum
885 4355 926 4422 (n.
941 4356 1018 4426 2526,
1033 4354 1110 4422 2780,
1124 4368 1202 4424 3111,
1216 4369 1293 4424 3994,
1305 4355 1384 4423 6013.

220 4539 221 4544 ,
254 4425 341 4534 ,Μ’
354 4426 596 4554 9gcl²inlrotlc3e⁴rllia
609 4497 649 4554 ait
659 4497 820 4554 essentiale
832 4496 904 4552 boni
918 4507 950 4552 et
962 4496 1025 4552 veri
1040 4499 1081 4566 (n.
1094 4493 1172 4562 2780.
1186 4495 1277 4563 7840).

368 4569 409 4624 od
423 4583 515 4624 nemo
530 4568 561 4624 in
574 4569 689 4626 caelum
709 4569 889 4626 admittatur
901 4567 957 4624 nisi
970 4569 997 4624 ei
1008 4568 1053 4622 sit
1071 4567 1184 4638 aliquid
1195 4567 1384 4624 innocentiae

265 4642 411 4710 tta-4797)-
