3408 5358
478 703 528 754 DE
551 701 698 755 GAUDIO
720 701 769 753 ET
791 701 1019 754 FELICITATE
1041 701 1235 754 CAELESTI.
1366 706 1427 772 247

312 875 518 957 proximum,
537 874 617 940 inde
641 895 775 960 quoque
798 886 878 941 sunt
902 873 1099 941 affectiones
1121 877 1203 942 boni
1226 888 1262 944 et
1284 880 1365 954 veri,
1390 899 1429 944 ac

310 971 506 1035 faustitates
525 972 714 1036 interiores.
760 971 806 1042 Hi
825 991 960 1035 amores
979 991 1056 1036 cum
1075 974 1143 1036 suis
1159 973 1315 1056 jucundis
1333 975 1430 1040 influ-

312 1075 373 1130 unt
393 1087 414 1129 a
433 1065 583 1130 Domino
602 1077 637 1130 et
661 1087 679 1131 e
702 1067 800 1130 caelo
819 1087 879 1148 per
901 1068 992 1130 viam
1016 1067 1198 1145 internam,
1223 1091 1309 1152 quae
1333 1081 1386 1134 est
1411 1093 1431 1134 a

310 1162 484 1243 superiori,
498 1171 533 1224 et
549 1161 700 1225 afficiunt
714 1163 875 1252 interiora
890 1183 898 1239 ;
922 1161 971 1225 illi
986 1173 1102 1226 autem
1118 1183 1252 1228 amores
1269 1183 1344 1228 curn
1363 1167 1430 1228 suis

309 1256 464 1337 jucundis
480 1256 621 1319 influunt
637 1277 681 1319 ex
699 1275 800 1320 carne
816 1267 852 1321 et
870 1277 889 1321 e
909 1259 1037 1322 mundo
1053 1278 1114 1341 per
1128 1259 1219 1323 viam
1235 1269 1427 1336 externam,

310 1372 396 1434 quae
411 1361 465 1416 est
482 1352 527 1414 ab
542 1351 708 1427 inferiore,
722 1361 758 1414 et
774 1349 925 1416 afliciunt
938 1355 1123 1418 exteriora.
1169 1352 1346 1435 Quantum
1363 1357 1428 1418 ita·

310 1466 375 1528 que
393 1447 602 1528 recipiuntur
619 1445 689 1508 bini
713 1446 763 1510 illi
785 1465 920 1510 amores
939 1447 1027 1510 caeli
1050 1457 1086 1511 et
1109 1447 1272 1524 afficiunt,
1293 1459 1428 1514 tantum

309 1542 506 1622 aperiuntur
535 1542 709 1617 interiora,
737 1561 823 1623 quae
850 1551 931 1604 sunt
961 1542 1095 1606 animae
1125 1563 1185 1606 seu
1213 1545 1362 1625 spiritus,
1392 1555 1426 1608 et

309 1633 469 1719 spedtant
487 1657 508 1699 a
526 1637 654 1699 mundo
669 1637 712 1699 ad
729 1636 884 1714 caelum;
908 1645 1071 1720 quantum
1089 1647 1203 1701 autem
1220 1639 1429 1722 recipiuntur

308 1731 379 1795 bini
398 1729 446 1793 illi
465 1747 598 1793 amores
617 1729 733 1793 mundi
753 1740 789 1794 et
812 1729 976 1806 afficiunt,
993 1741 1130 1795 tantum
1150 1734 1347 1813 aperiuntur
1365 1753 1427 1796 ex-

308 1827 445 1900 teriora,
466 1845 552 1908 quae
570 1835 650 1888 sunt
667 1827 819 1906 corporis
838 1847 898 1889 seu
916 1828 1039 1903 carnis,
1057 1835 1093 1890 et
1112 1825 1272 1909 spectant
1292 1849 1312 1891 a
1330 1828 1428 1892 caelo

308 1922 352 1985 ad
382 1921 557 1984 mundum.
602 1919 697 1984 Sicut
726 1919 869 1984 influunt
899 1940 1033 1984 amores
1062 1931 1098 1985 et
1130 1923 1351 2004 recipiuntur,
1379 1925 1428 1987 ita

307 2015 409 2079 simul
426 2016 530 2080 etiam
549 2015 692 2078 influunt
711 2014 846 2078 illorum
861 2013 1021 2096 jucunda,
1041 2016 1076 2079 in
1099 2017 1263 2080 interiora
1279 2016 1427 2098 jucunda

308 2111 405 2188 caeli,
418 2112 451 2174 in
468 2112 642 2174 exteriora
654 2107 803 2191 jucunda
816 2111 951 2189 mundi;
976 2111 1148 2193 quoniam,
1162 2122 1200 2176 ut
1217 2109 1344 2176 didlum
1360 2123 1425 2188 est,

308 2225 411 2270 omne
426 2205 613 2287 jucundum
633 2212 686 2268 est
704 2205 839 2268 amoris.

369 2311 469 2382 397·
498 2299 640 2365 Caelum
669 2299 703 2362 in
730 2319 767 2362 se
790 2299 861 2363 tale
884 2307 950 2375 est,
968 2308 1006 2363 ut
1030 2299 1168 2381 plenum
1192 2301 1237 2364 sit
1256 2299 1425 2382 jucundis,

307 2407 413 2478 usque
432 2395 520 2458 adeo
539 2405 576 2458 ut
600 2396 634 2457 in
657 2414 694 2456 se
717 2391 910 2474 spectatum
930 2413 998 2456 non
1018 2394 1063 2458 sit
1087 2395 1150 2457 nisi
1168 2413 1269 2477 quam
1286 2395 1426 2461 beatum

307 2501 344 2555 et
374 2490 572 2571 jucundum,
604 2489 765 2572 quoniam
799 2488 961 2553 Divinum
992 2488 1126 2552 Bonum
1157 2491 1348 2572 procedens
1380 2512 1425 2555 ex

307 2585 432 2648 Divino
448 2585 578 2648 Amore
595 2584 734 2647 Domini
749 2583 830 2646 iacit
847 2583 980 2647 caelum
997 2585 1030 2647 in
1044 2586 1224 2648 communi
1243 2595 1278 2648 et
1295 2587 1327 2648 in
1348 2605 1425 2668 par-

306 2679 439 2744 ticulari
458 2680 546 2762 apud
567 2679 824 2760 unumquemvis
843 2679 899 2753 ibi,
916 2698 956 2741 ac
976 2679 1121 2742 Divinus
1137 2678 1247 2742 Amor
1266 2689 1318 2742 est
1336 2679 1425 2744 velle

288 2776 458 2838 omnium
488 2774 637 2837 salutem
669 2783 706 2836 et
738 2773 890 2836 omnium
917 2772 1118 2836 felicitatem
1152 2774 1197 2836 ab
1228 2773 1359 2836 intimis
1388 2782 1424 2838 et

306 2871 427 2952 plene:
450 2871 530 2933 inde
546 2879 610 2944 est,
628 2868 719 2951 quod
736 2869 807 2931 sive
824 2867 919 2932 dicas
931 2867 1065 2932 caelum
1081 2869 1153 2932 sive
1168 2869 1330 2951 gaudium
1346 2888 1424 2932 cae·

305 2965 406 3040 leste,
426 2983 529 3028 unum
546 2965 601 3027 sit.

367 3060 471 3142 398·
500 3058 654 3140 Jucunda
677 3057 764 3121 caeli
787 3066 868 3120 suut
897 3055 1091 3133 ineffabilia,
1115 3065 1152 3121 et
1181 3077 1316 3140 quoque
1343 3065 1423 3121 sunt

305 3153 584 3231 innumerabilia;
608 3153 669 3216 sed
685 3173 730 3215 ex
746 3152 1048 3216 innumerabilibus
1065 3152 1195 3216 nullum
1211 3161 1330 3235 potest
1346 3153 1423 3216 sciri

305 3271 368 3315 nec
387 3249 479 3314 credi
502 3247 546 3310 ab
569 3247 629 3311 illo
651 3248 707 3329 qui
733 3247 767 3309 in
790 3246 866 3311 solo
885 3245 1037 3327 jucundo
1056 3247 1208 3328 corporis
1231 3267 1290 3310 seu
1313 3247 1424 3310 carnis

305 3356 369 3422 est,
390 3344 560 3427 quoniam,
578 3351 615 3405 ut
638 3339 882 3422 supradictum
902 3351 967 3415 est,
987 3342 1150 3405 interiora
1168 3339 1238 3422 ejus
1262 3337 1421 3420 spectant

305 3460 325 3503 a
343 3437 441 3502 caelo
460 3437 504 3499 ad
524 3435 697 3510 mundum,
718 3437 768 3498 ita
785 3445 901 3514 retro;
925 3455 1004 3499 nam
1024 3436 1080 3519 qui
1098 3445 1197 3499 totus
1219 3436 1253 3498 in
1272 3434 1423 3516 jucundo

304 3531 456 3614 corporis
480 3549 540 3592 seu
562 3529 673 3592 carnis
695 3539 761 3603 est,
781 3547 840 3592 seu
859 3529 951 3611 quod
973 3529 1077 3603 idem,
1097 3529 1130 3593 in
1160 3548 1277 3592 amore
1307 3529 1357 3590 sui
1386 3537 1451 3604 et·

304 3627 433 3702 mundi,
452 3625 481 3688 is
500 3623 583 3688 nihil
598 3623 737 3705 jucundi
756 3624 861 3687 sentit
884 3624 948 3686 nisi
971 3642 1073 3706 quam
1096 3625 1130 3686 in
1154 3623 1295 3696 honore,
1317 3621 1421 3694 lucro,

304 3732 340 3788 et
359 3719 595 3802 voluptatibus
610 3718 763 3799 corporis
781 3727 817 3781 et
836 3736 1009 3791 sensuum,
1026 3738 1113 3800 quae
1129 3718 1179 3781 ita
1194 3717 1422 3797 exstinguunt

304 3827 340 3882 et
358 3815 527 3879 suffocant
543 3814 691 3895 jucunda
707 3815 879 3886 interiora,
897 3833 983 3894 quae
1000 3812 1087 3876 caeli
1103 3821 1191 3886 sunt,
1209 3821 1246 3876 ut
1263 3807 1331 3874 non
1348 3829 1421 3874 cre-

303 3913 429 3976 dantur
450 3909 542 3992 quod
565 3910 656 3986 sint;
686 3928 789 3990 quare
812 3907 913 3971 valde
936 3908 1118 3970 miraturus
1141 3917 1246 3982 esset,
1267 3906 1294 3968 si
1317 3907 1422 3968 modo
1518 3933 1520 3936 ·

303 4007 474 4070 diceretur
496 4005 587 4086 quod
617 4003 742 4068 dentur
761 3999 913 4082 jucunda
934 4003 1077 4064 remotis
1100 4000 1257 4083 jucundis
1280 4000 1421 4064 honoris

303 4111 339 4165 et
362 4101 457 4175 lucri,
476 4109 513 4162 et
535 4097 645 4162 adhuc
665 4099 786 4179 magis,
807 4099 834 4162 si
857 4098 1029 4161 diceretur
1051 4097 1142 4178 quod
1162 4095 1312 4177 jucunda
1333 4095 1421 4158 caeli

303 4195 382 4258 loco
398 4194 532 4258 illorum
548 4192 769 4256 succedentia
785 4193 853 4256 sint
870 4189 1140 4264 innumerabilia,
1158 4209 1198 4252 ac
1215 4189 1299 4252 talia
1315 4201 1352 4252 ut
1367 4189 1419 4270 ju-

303 4289 416 4353 cunda
438 4289 588 4371 corporis
611 4297 646 4350 et
670 4288 790 4361 carnis,
809 4307 894 4368 quae
918 4285 1099 4368 praecipue
1119 4294 1199 4348 sunt
1221 4285 1360 4348 honoris
1383 4293 1419 4347 et

303 4385 398 4460 lucri,
418 4403 495 4448 cum
518 4383 584 4446 illis
607 4401 676 4446 non
699 4381 888 4462 comparari
907 4389 1057 4462 queant:
1087 4379 1168 4443 inde
1187 4387 1285 4460 patet
1303 4399 1417 4453 causa,

302 4498 362 4544 cur
380 4498 450 4543 non
466 4480 571 4543 scitur
586 4477 666 4560 quid
685 4477 847 4564 gaudium
863 4474 1025 4538 caeleste.

365 4585 470 4654 399·
500 4570 675 4654 Quantum
702 4570 887 4652 jucundum
914 4567 1001 4632 caeli
1031 4575 1097 4643 est,
1118 4567 1229 4631 solum
1257 4576 1418 4632 constare

303 4676 420 4750 potest
435 4687 480 4732 ex
496 4687 548 4744 eo,
566 4667 657 4750 quod
673 4666 830 4730 omnibus
846 4666 891 4728 ibi
905 4663 1090 4746 jucundum
1107 4663 1150 4728 sit
1167 4663 1417 4727 communicare
