3368 5356
384 649 607 703 UNIVERSUM
625 650 783 702 CAELUM
802 649 954 702 REFERT
978 649 1088 702 UNUM
1108 648 1304 700 HOMINEM.
1360 651 1402 716 43

281 833 318 890 et
340 823 471 900 dicunt,
491 823 583 908 quod
605 823 666 887 illa
683 823 832 888 societas
855 823 953 887 sitin
976 821 1132 886 membro
1153 843 1213 886 seu
1232 821 1406 904 provincia

280 921 395 1003 aliqua
407 920 541 1002 capitis,
558 919 619 982 illa
633 919 668 982 in
684 919 840 983 membro
855 939 916 983 seu
931 918 1106 1001 provincia
1118 919 1231 1002 aliqua
1246 915 1404 1001 pedtoris,
1433 985 1435 990 ,

280 1015 340 1080 illa
354 1015 388 1078 in
404 1014 559 1078 membro
572 1023 631 1078 aut
646 1015 823 1096 provincia
835 1013 949 1096 aliqua
960 1013 1163 1088 lumborum,
1177 1024 1213 1078 et
1232 1015 1280 1077 sic
1293 1033 1403 1096 porro.

281 1110 321 1174 In
351 1129 489 1192 genere,
510 1110 643 1174 caelum
672 1129 867 1192 supremum
897 1130 957 1172 seu
986 1111 1124 1174 tertium
1147 1109 1272 1173 format
1301 1117 1405 1191 caput

282 1227 386 1288 usque
409 1205 453 1270 ad
480 1205 628 1283 collum;
660 1205 794 1268 caelum
817 1205 966 1268 medium
989 1225 1049 1268 seu
1071 1206 1258 1268 secundum
1280 1204 1405 1268 format

281 1298 401 1382 peetus
419 1321 525 1382 usque
551 1300 596 1364 ad
626 1299 762 1364 lumbos
785 1309 821 1364 et
849 1319 983 1382 genua:
1011 1299 1145 1364 caelum
1164 1300 1321 1363 ultimum
1345 1319 1405 1363 seu

281 1396 426 1476 primum
445 1394 569 1459 lormat
586 1395 691 1476 pedes
707 1415 813 1478 usqae
831 1395 875 1458 ad
895 1394 1044 1476 plantas,
1062 1403 1098 1458 et
1117 1413 1250 1476 quoque
1267 1393 1406 1458 brachia

281 1511 385 1573 usque
398 1489 442 1554 ad
458 1490 587 1570 digitos
602 1511 610 1567 ;
634 1509 714 1553 nam
727 1489 867 1553 brachia
879 1499 914 1553 et
931 1507 1052 1552 manus
1064 1498 1144 1552 sunt
1161 1489 1282 1552 ultima
1293 1488 1404 1552 homi·

283 1587 346 1660 nis,
370 1585 510 1650 tametsi
537 1605 557 1648 a
586 1583 705 1650 latere.
751 1584 837 1648 Inde
860 1585 984 1648 iterum
1007 1593 1116 1665 patet,
1141 1603 1200 1648 cur
1226 1593 1297 1648 tres
1320 1583 1406 1648 caeli

283 1688 373 1744 sunt.

345 1773 423 1840 66.
457 1772 604 1858 Spiritus
633 1775 690 1858 qui
718 1775 804 1838 infra
829 1773 963 1838 caelum
993 1783 1073 1838 sunt
1102 1775 1269 1838 mirantur
1291 1774 1403 1850 valde,

282 1889 359 1934 cum
382 1870 524 1934 audiunt
548 1879 584 1934 et
611 1871 730 1934 vident
754 1871 846 1954 quod
870 1870 1003 1934 caelum
1026 1871 1070 1934 sit
1100 1879 1172 1934 tam
1195 1870 1280 1934 inira
1302 1890 1404 1954 quam

281 1984 404 2046 supra3
432 1974 512 2028 sunt
531 1967 622 2028 enim
645 1966 679 2028 in
703 1965 803 2029 simili
822 1965 888 2028 lide
907 1975 943 2028 et
966 1966 1137 2046 opinione,
1158 1967 1192 2028 in
1216 1964 1306 2048 quali
1325 1975 1405 2028 sunt

281 2058 439 2124 homines
454 2060 489 2124 in
506 2061 645 2136 mundo,
663 2060 755 2144 quod
771 2060 904 2124 caelum
921 2080 990 2124 non
1006 2059 1087 2123 alibi
1103 2062 1147 2124 sit
1164 2079 1265 2142 quam
1282 2079 1402 2142 supra;

281 2155 458 2218 nonenim
477 2155 601 2228 sciunt,
621 2156 712 2237 quod
729 2157 815 2218 situs
834 2154 1007 2218 caelorum
1027 2156 1073 2218 sit
1089 2156 1177 2219 sicut
1194 2157 1278 2218 situs
1295 2173 1404 2218 mem·

281 2250 429 2326 brorum,
447 2269 665 2332 organorum,
682 2260 718 2314 et
735 2251 902 2314 viscerum
919 2251 952 2313 in
969 2250 1120 2325 homine,
1138 2269 1280 2332 quorum
1299 2270 1404 2332 quae·

282 2345 362 2410 dam
381 2355 461 2409 sunt
479 2365 582 2426 supra
604 2355 639 2408 et
663 2346 831 2428 quaedam
855 2345 958 2424 inlra;
984 2354 1020 2410 et
1038 2345 1129 2429 quod
1148 2347 1193 2408 sit
1212 2347 1301 2410 sicut
1319 2345 1405 2410 situs

281 2441 429 2522 partium
449 2442 482 2504 in
502 2442 691 2523 unoquovis
710 2441 876 2516 membro,
893 2460 1036 2522 organo,
1053 2449 1089 2504 et
1107 2441 1248 2516 viscere,
1262 2460 1404 2524 quarum

282 2536 452 2618 quaedam
471 2546 552 2601 sunt
575 2538 677 2612 intra,
697 2537 866 2620 quaedam
885 2546 1007 2616 extra;
1031 2535 1111 2600 inde
1130 2535 1344 2601 confundunt
1367 2557 1404 2600 se

283 2631 326 2696 de
345 2632 453 2696 caelo.

344 2727 413 2809 ⁶7.
445 2727 543 2792 Haec
567 2727 611 2792 de
635 2727 734 2792 caelo
762 2737 800 2791 ut
827 2727 984 2792 Maximo
1008 2727 1159 2792 Homine
1182 2727 1290 2792 allata
1312 2738 1402 2802 sunt,

281 2824 361 2907 quia
376 2823 504 2906 absque
520 2823 579 2887 illa
595 2825 794 2906 cognitione
807 2825 946 2906 praevia
958 2823 1152 2887 nullatenus
1169 2825 1244 2906 capi
1260 2835 1404 2904 possunt

281 2938 367 3000 quae
386 2929 574 3000 sequuntur
592 2919 635 2982 de
655 2918 771 2997 caelo;
796 2939 860 2982 nec
879 2928 997 3000 potest
1016 2919 1129 3001 aliqua
1148 2918 1310 2983 distintta
1328 2920 1404 2983 idea

282 3012 400 3076 haberi
419 3005 462 3076 de
481 3013 590 3076 iorma
608 3013 706 3090 caeli,
724 3014 767 3077 de
786 3010 1026 3094 conjundlione
1043 3013 1182 3078 Domini
1201 3033 1278 3077 cum
1295 3015 1402 3089 caelo,

283 3107 329 3172 de
347 3105 584 3189 conjundtione
604 3108 689 3172 caeli
713 3129 790 3172 cum
813 3109 963 3186 homine,
984 3129 1048 3173 nec
1072 3111 1115 3174 de
1138 3110 1268 3173 influxu
1287 3112 1404 3174 mundi

281 3203 467 3284 spiritualis
493 3205 527 3267 in
551 3204 753 3282 naturalem,
774 3214 810 3270 et
834 3225 972 3288 prorsus
995 3225 1064 3269 non
1087 3206 1201 3290 aliqua
1224 3207 1267 3270 de
1290 3227 1403 3272 corre·

281 3299 499 3380 spondentia,
520 3299 563 3363 de
586 3300 707 3382 quibus
730 3310 849 3364 tamen
872 3301 991 3364 ordine
1014 3301 1048 3364 in
1072 3321 1161 3365 nunc
1181 3304 1404 3385 sequentibus

281 3393 455 3475 agendum
474 3404 528 3458 est
545 3415 553 3472 ;
581 3404 791 3478 quapropter
808 3395 853 3459 ad
876 3395 1027 3460 dandum
1047 3395 1158 3460 lucem
1181 3397 1215 3460 in
1238 3397 1316 3474 illis,
1337 3397 1403 3462 hoc

281 3489 505 3570 praemissum
523 3498 587 3554 est.

793 3951 886 4039 [Ix.]

282 4143 396 4230 Quoo
415 4159 659 4226 unaquaams
678 4145 866 4306 Soqanas
884 4163 926 4214 m
943 4163 1079 4216 casus
1095 4165 1274 4218 aarum
1291 4167 1403 4220 unuu

777 4257 944 4309 omnen.

344 4425 418 4492 68.
451 4425 553 4510 Quod
565 4429 773 4512 unaquaevis
783 4429 932 4494 societas
945 4430 1031 4494 caeli
1044 4432 1149 4496 etiam
1162 4432 1285 4497 reserat
1299 4453 1402 4499 unum

281 4521 467 4594 hominem,
485 4531 522 4588 et
537 4525 725 4606 quoquein
741 4524 964 4588 similitudine
980 4525 1128 4590 hominis
1147 4529 1202 4600 sit,
1220 4527 1402 4610 aliquoties

281 4617 364 4681 mihi
382 4617 499 4682 videre
515 4618 636 4682 datum
652 4628 716 4683 est.
762 4619 847 4684 Erat
864 4621 1024 4698 societas,
1042 4623 1076 4686 in
1095 4642 1196 4706 quam
1216 4643 1253 4686 se
1271 4623 1401 4688 insinu-
