3408 5358
276 597 339 674 284
536 617 540 624 ·
607 609 657 658 mc
680 607 805 659 clauo
829 609 877 658 ar
904 607 1087 660 mesano.

280 781 368 844 sicut
385 779 476 862 prius
491 801 499 858 ;
523 779 658 863 appetit
674 780 791 855 etiam,
806 780 991 857 desiderat,
1005 780 1111 864 cupit,
1125 779 1270 863 cogitat,
1284 781 1402 845 reflec-

279 875 334 950 tit,
358 874 515 951 afficitur,
536 883 642 950 amat,
662 875 737 938 vult
756 875 846 938 sicut
865 876 980 958 prius;
1008 885 1045 938 et
1068 876 1124 958 qui
1143 876 1266 939 studiis
1286 875 1403 941 delec-

279 979 372 1034 tatur
387 971 473 1052 legit
493 979 529 1034 et
546 969 664 1034 scribit
680 971 769 1033 sicut
787 971 901 1054 prius:
925 969 1042 1047 verbo,
1059 969 1165 1033 homo
1184 989 1260 1033 cum
1277 971 1403 1034 transit

279 1063 323 1128 ab
341 1085 409 1129 una
427 1067 498 1130 vita
517 1067 551 1130 in
569 1065 726 1141 alteram,
748 1086 807 1128 seu
822 1066 866 1129 ab
885 1084 954 1129 uno
970 1066 1098 1129 mundo
1117 1067 1150 1128 in
1169 1065 1328 1142 alterum,
1347 1075 1402 1130 est

278 1163 367 1226 sicut
384 1162 429 1225 ab
444 1180 512 1225 uno
529 1161 606 1224 loco
625 1161 659 1223 in
679 1161 837 1235 alterum,
855 1171 891 1224 et
910 1181 1027 1225 secum
1044 1161 1109 1224 fert
1129 1161 1243 1225 omnia
1262 1181 1349 1244 quae
1367 1162 1403 1236 in

278 1275 315 1320 se
337 1265 376 1320 ut
398 1255 503 1320 homo
521 1256 697 1339 possidet3
728 1257 774 1320 sic
800 1266 837 1320 ut
860 1276 930 1321 non
950 1257 1017 1321 dici
1040 1257 1150 1339 possit
1169 1257 1262 1340 quod
1284 1255 1399 1332 homo,

277 1361 358 1434 post
382 1360 541 1426 mortem,
562 1371 648 1434 quae
678 1351 789 1417 solum
812 1362 867 1415 est
890 1353 1043 1435 corporis
1066 1353 1250 1428 terrestris,
1275 1351 1402 1436 aliquid

278 1447 328 1509 sui
341 1447 503 1511 amiserit.
548 1445 749 1520 Memoriam
762 1448 867 1510 etiam
881 1447 1074 1512 naturalem
1088 1467 1203 1512 secum
1217 1447 1301 1526 iert3
1321 1465 1401 1512 nam

278 1542 393 1604 omnia
424 1559 646 1624 quaecunque
675 1543 708 1604 in
731 1542 860 1606 mundo
878 1543 1020 1619 audivit,
1039 1543 1137 1619 vidit,
1155 1543 1252 1625 legit,
1269 1543 1400 1622 didicit,

278 1637 447 1718 cogitavit
463 1658 483 1700 a
499 1637 608 1720 prima
623 1638 766 1701 infantia
779 1657 885 1721 usque
901 1639 945 1702 ad
961 1639 1119 1702 ultimum
1132 1641 1237 1717 vitae,
1251 1641 1399 1720 retinet;

279 1732 341 1796 sed
371 1731 507 1814 objecta
536 1731 706 1798 naturalia
735 1754 822 1816 quae
852 1735 970 1798 insunt
997 1735 1194 1810 memoriae,
1223 1735 1302 1818 quia
1331 1755 1400 1800 non

277 1828 458 1912 reproduci
477 1839 623 1911 possunt
642 1831 676 1892 in
695 1829 863 1911 spirituali
883 1831 1021 1906 mundo,
1043 1831 1233 1914 quiescunt,
1253 1831 1341 1894 sicut
1361 1829 1400 1896 fit

277 1923 367 2005 apud
380 1923 554 1988 hominem
568 1943 670 2007 quum
684 1945 753 1987 non
766 1945 812 1988 ex
825 1924 893 1988 illis
907 1927 1041 2007 cogitat
1055 1947 1063 2004 ;
1083 1925 1145 1988 sed
1161 1946 1268 2008 usque
1281 1947 1398 2008 repro·

277 2020 447 2083 ducuntur
464 2021 601 2102 quando
621 2018 771 2083 Domino
793 2019 1010 2101 beneplacet.
1055 2020 1185 2084 Verum
1205 2021 1249 2086 de
1267 2041 1399 2084 memo·

276 2117 325 2178 ria
344 2115 419 2188 hac,
437 2125 473 2178 et
492 2115 534 2178 de
551 2112 622 2196 ejus
638 2124 733 2178 statu
749 2125 829 2197 post
846 2125 1007 2190 mortem,
1024 2116 1058 2179 in
1076 2135 1159 2179 mox
1176 2117 1398 2198 sequentibus

277 2211 373 2292 plura
396 2211 563 2273 dicentur.
609 2207 712 2291 Quod
736 2210 817 2274 talis
840 2221 953 2274 status
976 2211 1124 2274 hominis
1147 2222 1227 2295 post
1251 2221 1398 2275 mortem

276 2307 332 2381 sit,
353 2305 519 2369 sensualis
538 2304 644 2368 homo
663 2326 801 2388 prorsus
824 2325 893 2369 non
919 2307 1059 2371 credere
1078 2315 1207 2388 potest,
1228 2309 1306 2389 quia
1329 2327 1398 2371 non

277 2403 392 2482 capit3
412 2421 491 2465 nam
508 2401 676 2464 sensualis
695 2401 799 2465 homo
823 2420 892 2464 non
915 2411 1035 2484 potest
1053 2402 1156 2465 aliter
1174 2422 1276 2485 quam
1296 2414 1397 2467 natu·

276 2495 394 2559 raliter
420 2498 586 2577 cogitare,
607 2505 643 2560 et
673 2517 806 2578 quoque
835 2496 878 2558 de
906 2497 1158 2579 spiritualibus;
1190 2507 1398 2580 quapropter

275 2591 335 2654 illa
357 2611 444 2673 quae
464 2611 533 2655 non
552 2592 670 2666 sentit,
691 2591 756 2655 hoc
776 2601 841 2666 est,
862 2592 958 2666 videt
977 2592 1085 2656 oculis
1104 2593 1154 2655 sui
1177 2593 1341 2674 corporis,
1361 2603 1398 2658 et

276 2687 391 2767 tangit
404 2687 560 2750 manibus
576 2685 658 2766 ejus,
673 2687 755 2750 dicit
770 2707 838 2750 non
855 2707 942 2762 esse,
957 2688 1044 2750 sicut
1060 2687 1186 2768 legitur
1202 2687 1244 2750 de
1261 2687 1398 2752 Thoma

278 2779 374 2862 (Joh.
394 2803 455 2844 xx.
476 2795 527 2863 25,
548 2795 599 2862 27,
620 2779 688 2862 29).
734 2779 856 2864 Qualis
876 2782 1043 2846 sensualis
1062 2782 1167 2846 homo
1190 2791 1257 2859 est,
1277 2783 1395 2846 videa-

275 2888 330 2941 tur
348 2898 451 2959 supra
472 2877 520 2960 (n.
538 2877 610 2958 267,
632 2888 668 2941 et
687 2878 732 2941 ibi
752 2880 786 2940 in
806 2881 898 2942 notis
918 2877 964 2962 b).

337 2972 550 3053 462[pn·m0].
580 2970 649 3036 Sed
672 2993 778 3056 usque
801 2974 985 3036 discrimen
1009 2974 1100 3038 inter
1122 2973 1230 3038 vitam
1249 2974 1397 3037 hominis

274 3069 308 3132 in
333 3067 463 3130 mundo
481 3067 648 3148 spirituali
671 3087 711 3131 ac
734 3070 842 3132 vitam
865 3067 936 3149 ejus
959 3070 992 3131 in
1016 3069 1145 3132 mundo
1168 3069 1325 3144 naturali,
1343 3084 1397 3132 est

275 3180 449 3244 magnum,
466 3171 538 3225 tam
555 3163 667 3244 quoad
684 3182 804 3226 sensus
820 3175 985 3226 externos
1001 3173 1036 3228 et
1056 3183 1171 3228 eorum
1188 3161 1396 3239 affettiones,

274 3277 375 3341 quam
400 3257 512 3341 quoad
543 3278 663 3321 sensus
687 3259 842 3322 internos
869 3267 906 3322 et
935 3277 1052 3321 eorum
1086 3255 1294 3323 affectiones
1340 3257 1397 3322 Illi

274 3355 330 3436 qui
349 3355 383 3417 in
407 3353 505 3418 caelo
524 3363 615 3430 sunt,
636 3353 746 3416 multo
764 3354 968 3435 exquisitius
986 3354 1153 3426 sentiunt.
1173 3354 1239 3418 hoc
1264 3363 1329 3430 est,
1346 3355 1396 3418 vi-

274 3449 358 3512 dent
377 3458 411 3512 et
430 3449 583 3523 audiunt,
603 3459 639 3512 et
658 3469 791 3530 quoque
807 3449 994 3530 sapientius
1013 3449 1181 3530 cogitant,
1198 3467 1300 3532 quam
1319 3468 1396 3512 cum

274 3543 409 3606 suerunt
428 3545 462 3606 in
482 3543 630 3621 mundo;
654 3543 773 3608 vident
791 3544 881 3606 enim
901 3563 947 3606 ex
967 3542 1042 3606 luce
1061 3543 1157 3619 caeli,
1175 3565 1262 3627 quae
1279 3543 1396 3608 multis

273 3639 437 3719 gradibus
460 3639 602 3704 excedit
625 3638 737 3702 lucem
765 3640 881 3702 mundi
907 3637 1079 3718 (videatur
1101 3659 1213 3721 supra,
1238 3660 1270 3703 n.
1297 3637 1394 3722 1'26);

274 3732 416 3797 audiunt
434 3735 539 3797 etiam
559 3753 620 3816 per
638 3733 916 3816 atmosphaeram
934 3732 1158 3816 spiritualem,
1183 3753 1270 3815 quae
1289 3734 1395 3797 etiam

274 3828 390 3916 multis
410 3829 572 3910 gradibus
595 3829 736 3901 excedit
760 3838 959 3913 terrestrem
985 3827 1032 3910 (n.
1057 3825 1147 3908 235).
1194 3827 1396 3892 Differentia

274 3943 433 3987 sensuum
453 3923 572 3986 horum
592 3933 815 3986 externorum
838 3932 891 3986 est
912 3924 1000 3986 sicut
1023 3922 1215 3986 differentia
1237 3921 1318 3986 clari
1341 3943 1394 3986 re-

273 4015 424 4098 spedtive
441 4017 485 4081 ad
501 4019 682 4082 obscurum
700 4018 804 4082 nimbi
823 4019 857 4081 in
874 4019 1012 4094 mundo,
1030 4039 1070 4081 ac
1087 4019 1175 4082 sicut
1192 4017 1278 4080 lucis
1294 4018 1394 4081 meri-

273 4113 327 4176 die
344 4114 387 4176 ad
407 4113 562 4178 umbram
579 4133 737 4196 vespere:
761 4114 821 4178 lux
840 4115 930 4176 enim
950 4113 1048 4188 caeli,
1065 4114 1144 4196 quia
1159 4122 1213 4178 est
1233 4112 1394 4175 Divinum

274 4208 416 4282 Verum,
437 4209 498 4272 dat
516 4210 603 4274 visui
621 4209 834 4290 angelorum,
855 4217 892 4272 ut
915 4210 1142 4272 minutissima
1157 4209 1394 4291 appercipiant

273 4313 310 4368 et
329 4303 569 4386 distinguant;
589 4305 836 4386 correspondet
855 4305 962 4368 etiam
981 4305 1072 4366 visus
1091 4323 1209 4367 eorum
1228 4312 1394 4366 externus

273 4399 359 4462 visui
375 4399 512 4462 interno
527 4420 587 4464 seu
603 4397 806 4474 intellectui,
822 4418 901 4462 nam
915 4399 1005 4480 apud
1022 4398 1166 4480 angelos
1183 4397 1292 4462 influit
1308 4417 1394 4462 unus

274 4497 365 4558 visus
389 4496 422 4557 in
445 4494 602 4569 alterum,
627 4505 664 4558 ut
695 4513 798 4560 unum
821 4504 940 4576 agant,
965 4495 1044 4558 inde
1067 4495 1134 4558 illis
1158 4503 1258 4558 tanta
1280 4495 1391 4557 acies:

274 4599 308 4651 et
322 4609 456 4671 quoque
469 4588 624 4652 similiter
633 4589 879 4670 correspondet
890 4587 1026 4652 auditus
1039 4588 1250 4674 perceptioni
1264 4605 1391 4660 eorum,
