<?xml version="1.0" encoding="UTF-8"?>
<!DOCTYPE html PUBLIC "-//W3C//DTD XHTML 1.0 Transitional//EN"
    "http://www.w3.org/TR/xhtml1/DTD/xhtml1-transitional.dtd">
<html xmlns="http://www.w3.org/1999/xhtml" xml:lang="en" lang="en">
 <head>
  <title>
</title>
<meta http-equiv="Content-Type" content="text/html;charset=utf-8" />
  <meta name='ocr-system' content='tesseract 3.04.00' />
  <meta name='ocr-capabilities' content='ocr_page ocr_carea ocr_par ocr_line ocrx_word'/>
</head>
<body>
  <div class='ocr_page' id='page_1' title='image "./decaeloetejusmi00swedgoog_0059.png"; bbox 0 0 3368 5356; ppageno 0'>
   <div class='ocr_carea' id='block_1_1' title="bbox 297 659 1095 731">
    <p class='ocr_par' dir='ltr' id='par_1_1' title="bbox 297 659 1095 731">
     <span class='ocr_line' id='line_1_1' title="bbox 297 659 1095 731; baseline 0.003 -21"><span class='ocrx_word' id='word_1_1' title='bbox 297 661 336 731; x_wconf 82' lang='grc'>52</span> <span class='ocrx_word' id='word_1_2' title='bbox 616 659 666 712; x_wconf 80' lang='lat' dir='ltr'>DE</span> <span class='ocrx_word' id='word_1_3' title='bbox 691 661 817 712; x_wconf 83' lang='lat' dir='ltr'>CAELO</span> <span class='ocrx_word' id='word_1_4' title='bbox 841 661 890 712; x_wconf 84' lang='lat' dir='ltr'>ET</span> <span class='ocrx_word' id='word_1_5' title='bbox 913 661 1095 713; x_wconf 86' lang='lat' dir='ltr'>INFERNO.</span> 
     </span>
    </p>
   </div>
   <div class='ocr_carea' id='block_1_2' title="bbox 274 827 1476 1959">
    <p class='ocr_par' dir='ltr' id='par_1_2' title="bbox 274 827 1476 1959">
     <span class='ocr_line' id='line_1_2' title="bbox 291 827 1418 912; baseline 0.005 -19"><span class='ocrx_word' id='word_1_6' title='bbox 291 828 399 894; x_wconf 88' lang='lat' dir='ltr'>hendi</span> <span class='ocrx_word' id='word_1_7' title='bbox 421 829 466 892; x_wconf 84' lang='lat' dir='ltr'>ab</span> <span class='ocrx_word' id='word_1_8' title='bbox 488 827 554 892; x_wconf 91' lang='lat' dir='ltr'>illis</span> <span class='ocrx_word' id='word_1_9' title='bbox 577 829 633 912; x_wconf 91' lang='lat' dir='ltr'>qui</span> <span class='ocrx_word' id='word_1_10' title='bbox 664 851 709 893; x_wconf 89' lang='lat' dir='ltr'>ex</span> <span class='ocrx_word' id='word_1_11' title='bbox 733 829 947 894; x_wconf 87' lang='lat' dir='ltr'>sensualibus</span> <span class='ocrx_word' id='word_1_12' title='bbox 971 833 1108 896; x_wconf 87' lang='lat' dir='ltr'>externi</span> <span class='ocrx_word' id='word_1_13' title='bbox 1131 830 1279 896; x_wconf 89' lang='lat' dir='ltr'>hominis</span> <span class='ocrx_word' id='word_1_14' title='bbox 1301 833 1418 900; x_wconf 85' lang='lat' dir='ltr'>omnia</span> 
     </span>
     <span class='ocr_line' id='line_1_3' title="bbox 289 919 1417 1010; baseline 0.006 -23"><span class='ocrx_word' id='word_1_15' title='bbox 289 919 466 1006; x_wconf 53' lang='lat' dir='ltr'>jud&#39;icant3</span> <span class='ocrx_word' id='word_1_16' title='bbox 489 925 656 989; x_wconf 89' lang='lat' dir='ltr'>sensualis</span> <span class='ocrx_word' id='word_1_17' title='bbox 669 926 759 990; x_wconf 92' lang='lat' dir='ltr'>enim</span> <span class='ocrx_word' id='word_1_18' title='bbox 776 926 881 990; x_wconf 91' lang='lat' dir='ltr'>homo</span> <span class='ocrx_word' id='word_1_19' title='bbox 897 946 965 990; x_wconf 91' lang='lat' dir='ltr'>non</span> <span class='ocrx_word' id='word_1_20' title='bbox 982 937 1100 1010; x_wconf 90' lang='lat' dir='ltr'>potest</span> <span class='ocrx_word' id='word_1_21' title='bbox 1115 927 1216 992; x_wconf 88' lang='lat' dir='ltr'>aliter</span> <span class='ocrx_word' id='word_1_22' title='bbox 1231 929 1274 993; x_wconf 90' lang='lat' dir='ltr'>de</span> <span class='ocrx_word' id='word_1_23' title='bbox 1291 928 1417 994; x_wconf 84' lang='lat' dir='ltr'>Divino</span> 
     </span>
     <span class='ocr_line' id='line_1_4' title="bbox 293 1020 1418 1105; baseline 0.005 -24"><span class='ocrx_word' id='word_1_24' title='bbox 293 1038 395 1102; x_wconf 89' lang='lat' dir='ltr'>quam</span> <span class='ocrx_word' id='word_1_25' title='bbox 413 1041 457 1082; x_wconf 80' lang='lat' dir='ltr'>ex</span> <span class='ocrx_word' id='word_1_26' title='bbox 474 1020 604 1083; x_wconf 90' lang='lat' dir='ltr'>mundo</span> <span class='ocrx_word' id='word_1_27' title='bbox 619 1029 655 1083; x_wconf 93' lang='lat' dir='ltr'>et</span> <span class='ocrx_word' id='word_1_28' title='bbox 672 1041 716 1083; x_wconf 90' lang='lat' dir='ltr'>ex</span> <span class='ocrx_word' id='word_1_29' title='bbox 733 1021 799 1084; x_wconf 91' lang='lat' dir='ltr'>illis</span> <span class='ocrx_word' id='word_1_30' title='bbox 815 1041 902 1103; x_wconf 87' lang='lat' dir='ltr'>quae</span> <span class='ocrx_word' id='word_1_31' title='bbox 918 1021 963 1086; x_wconf 95' lang='lat' dir='ltr'>ibi</span> <span class='ocrx_word' id='word_1_32' title='bbox 979 1023 1144 1105; x_wconf 88' lang='lat' dir='ltr'>cogitare,</span> <span class='ocrx_word' id='word_1_33' title='bbox 1162 1023 1211 1087; x_wconf 91' lang='lat' dir='ltr'>ita</span> <span class='ocrx_word' id='word_1_34' title='bbox 1229 1023 1272 1087; x_wconf 90' lang='lat' dir='ltr'>de</span> <span class='ocrx_word' id='word_1_35' title='bbox 1292 1022 1418 1088; x_wconf 92' lang='lat' dir='ltr'>Divino</span> 
     </span>
     <span class='ocr_line' id='line_1_5' title="bbox 292 1113 1416 1200; baseline 0.005 -24"><span class='ocrx_word' id='word_1_36' title='bbox 292 1123 329 1177; x_wconf 89' lang='lat' dir='ltr'>et</span> <span class='ocrx_word' id='word_1_37' title='bbox 348 1113 514 1194; x_wconf 87' lang='lat' dir='ltr'>spirituali</span> <span class='ocrx_word' id='word_1_38' title='bbox 532 1113 671 1178; x_wconf 90' lang='lat' dir='ltr'>homine</span> <span class='ocrx_word' id='word_1_39' title='bbox 691 1135 759 1178; x_wconf 94' lang='lat' dir='ltr'>non</span> <span class='ocrx_word' id='word_1_40' title='bbox 778 1115 880 1179; x_wconf 91' lang='lat' dir='ltr'>aliter</span> <span class='ocrx_word' id='word_1_41' title='bbox 895 1136 996 1200; x_wconf 90' lang='lat' dir='ltr'>quarn</span> <span class='ocrx_word' id='word_1_42' title='bbox 1014 1119 1101 1181; x_wconf 90' lang='lat' dir='ltr'>sicut</span> <span class='ocrx_word' id='word_1_43' title='bbox 1125 1117 1167 1182; x_wconf 93' lang='lat' dir='ltr'>de</span> <span class='ocrx_word' id='word_1_44' title='bbox 1191 1137 1358 1199; x_wconf 90' lang='lat' dir='ltr'>corporeo</span> <span class='ocrx_word' id='word_1_45' title='bbox 1379 1127 1416 1182; x_wconf 89' lang='lat' dir='ltr'>et</span> 
     </span>
     <span class='ocr_line' id='line_1_6' title="bbox 293 1209 1416 1294; baseline 0.005 -24"><span class='ocrx_word' id='word_1_46' title='bbox 293 1209 459 1272; x_wconf 89' lang='lat' dir='ltr'>naturali:</span> <span class='ocrx_word' id='word_1_47' title='bbox 488 1209 663 1273; x_wconf 88' lang='lat' dir='ltr'>concludit</span> <span class='ocrx_word' id='word_1_48' title='bbox 685 1209 775 1284; x_wconf 90' lang='lat' dir='ltr'>inde,</span> <span class='ocrx_word' id='word_1_49' title='bbox 796 1211 887 1294; x_wconf 93' lang='lat' dir='ltr'>quod</span> <span class='ocrx_word' id='word_1_50' title='bbox 911 1211 938 1274; x_wconf 93' lang='lat' dir='ltr'>si</span> <span class='ocrx_word' id='word_1_51' title='bbox 962 1211 1056 1275; x_wconf 91' lang='lat' dir='ltr'>Deus</span> <span class='ocrx_word' id='word_1_52' title='bbox 1074 1223 1168 1277; x_wconf 88' lang='lat' dir='ltr'>esset</span> <span class='ocrx_word' id='word_1_53' title='bbox 1192 1212 1307 1290; x_wconf 92' lang='lat' dir='ltr'>homo,</span> <span class='ocrx_word' id='word_1_54' title='bbox 1328 1211 1416 1276; x_wconf 84' lang='lat' dir='ltr'>soret</span> 
     </span>
     <span class='ocr_line' id='line_1_7' title="bbox 293 1304 1416 1389; baseline 0.005 -23"><span class='ocrx_word' id='word_1_55' title='bbox 293 1304 532 1386; x_wconf 83' lang='lat' dir='ltr'>magnitudine</span> <span class='ocrx_word' id='word_1_56' title='bbox 551 1305 638 1369; x_wconf 90' lang='lat' dir='ltr'>sicut</span> <span class='ocrx_word' id='word_1_57' title='bbox 658 1306 862 1381; x_wconf 87' lang='lat' dir='ltr'>universum,</span> <span class='ocrx_word' id='word_1_58' title='bbox 882 1315 918 1370; x_wconf 91' lang='lat' dir='ltr'>et</span> <span class='ocrx_word' id='word_1_59' title='bbox 938 1307 965 1369; x_wconf 92' lang='lat' dir='ltr'>si</span> <span class='ocrx_word' id='word_1_60' title='bbox 984 1317 1121 1389; x_wconf 90' lang='lat' dir='ltr'>regeret</span> <span class='ocrx_word' id='word_1_61' title='bbox 1140 1307 1273 1371; x_wconf 91' lang='lat' dir='ltr'>caelum</span> <span class='ocrx_word' id='word_1_62' title='bbox 1292 1317 1327 1371; x_wconf 91' lang='lat' dir='ltr'>et</span> <span class='ocrx_word' id='word_1_63' title='bbox 1347 1317 1416 1372; x_wconf 91' lang='lat' dir='ltr'>ter·</span> 
     </span>
     <span class='ocr_line' id='line_1_8' title="bbox 292 1397 1476 1484; baseline 0.005 -23"><span class='ocrx_word' id='word_1_64' title='bbox 292 1416 376 1473; x_wconf 92' lang='lat' dir='ltr'>ram,</span> <span class='ocrx_word' id='word_1_65' title='bbox 394 1397 514 1482; x_wconf 90' lang='lat' dir='ltr'>[quod]</span> <span class='ocrx_word' id='word_1_66' title='bbox 527 1397 623 1462; x_wconf 88' lang='lat' dir='ltr'>fieret</span> <span class='ocrx_word' id='word_1_67' title='bbox 634 1419 694 1481; x_wconf 88' lang='lat' dir='ltr'>per</span> <span class='ocrx_word' id='word_1_68' title='bbox 704 1399 831 1463; x_wconf 89' lang='lat' dir='ltr'>multos</span> <span class='ocrx_word' id='word_1_69' title='bbox 841 1399 883 1463; x_wconf 90' lang='lat' dir='ltr'>ad</span> <span class='ocrx_word' id='word_1_70' title='bbox 895 1400 1035 1464; x_wconf 90' lang='lat' dir='ltr'>modum</span> <span class='ocrx_word' id='word_1_71' title='bbox 1046 1423 1113 1484; x_wconf 93' lang='lat' dir='ltr'>quo</span> <span class='ocrx_word' id='word_1_72' title='bbox 1123 1423 1223 1484; x_wconf 91' lang='lat' dir='ltr'>reges</span> <span class='ocrx_word' id='word_1_73' title='bbox 1233 1404 1266 1466; x_wconf 94' lang='lat' dir='ltr'>in</span> <span class='ocrx_word' id='word_1_74' title='bbox 1277 1402 1415 1467; x_wconf 90' lang='lat' dir='ltr'>mundo.</span> <span class='ocrx_word' id='word_1_75' title='bbox 1472 1403 1476 1410; x_wconf 85' lang='lat'>&#39;</span> 
     </span>
     <span class='ocr_line' id='line_1_9' title="bbox 292 1491 1417 1580; baseline 0.004 -24"><span class='ocrx_word' id='word_1_76' title='bbox 292 1491 328 1556; x_wconf 89' lang='lat' dir='ltr'>Si</span> <span class='ocrx_word' id='word_1_77' title='bbox 357 1494 387 1556; x_wconf 90' lang='lat' dir='ltr'>ei</span> <span class='ocrx_word' id='word_1_78' title='bbox 418 1493 599 1570; x_wconf 84' lang='lat' dir='ltr'>diceretur,</span> <span class='ocrx_word' id='word_1_79' title='bbox 624 1491 742 1576; x_wconf 76' lang='lat' dir='ltr'>¹¹¹quod</span> <span class='ocrx_word' id='word_1_80' title='bbox 772 1495 805 1558; x_wconf 92' lang='lat' dir='ltr'>in</span> <span class='ocrx_word' id='word_1_81' title='bbox 836 1495 933 1559; x_wconf 89' lang='lat' dir='ltr'>caelo</span> <span class='ocrx_word' id='word_1_82' title='bbox 956 1517 1026 1560; x_wconf 92' lang='lat' dir='ltr'>non</span> <span class='ocrx_word' id='word_1_83' title='bbox 1056 1498 1101 1560; x_wconf 91' lang='lat' dir='ltr'>sit</span> <span class='ocrx_word' id='word_1_84' title='bbox 1129 1498 1290 1560; x_wconf 87' lang='lat' dir='ltr'>extensio</span> <span class='ocrx_word' id='word_1_85' title='bbox 1313 1497 1417 1580; x_wconf 90' lang='lat' dir='ltr'>spatii</span> 
     </span>
     <span class='ocr_line' id='line_1_10' title="bbox 291 1587 1416 1673; baseline 0.004 -23"><span class='ocrx_word' id='word_1_86' title='bbox 291 1587 402 1670; x_wconf 91' lang='lat' dir='ltr'>qualis</span> <span class='ocrx_word' id='word_1_87' title='bbox 418 1589 451 1650; x_wconf 94' lang='lat' dir='ltr'>in</span> <span class='ocrx_word' id='word_1_88' title='bbox 469 1587 609 1664; x_wconf 90' lang='lat' dir='ltr'>mundo,</span> <span class='ocrx_word' id='word_1_89' title='bbox 627 1607 763 1670; x_wconf 89' lang='lat' dir='ltr'>prorsus</span> <span class='ocrx_word' id='word_1_90' title='bbox 780 1609 849 1652; x_wconf 95' lang='lat' dir='ltr'>non</span> <span class='ocrx_word' id='word_1_91' title='bbox 866 1601 1028 1672; x_wconf 89' lang='lat' dir='ltr'>caperet;</span> <span class='ocrx_word' id='word_1_92' title='bbox 1052 1593 1108 1673; x_wconf 91' lang='lat' dir='ltr'>qui</span> <span class='ocrx_word' id='word_1_93' title='bbox 1125 1592 1214 1654; x_wconf 94' lang='lat' dir='ltr'>enim</span> <span class='ocrx_word' id='word_1_94' title='bbox 1232 1613 1277 1655; x_wconf 89' lang='lat' dir='ltr'>ex</span> <span class='ocrx_word' id='word_1_95' title='bbox 1294 1601 1416 1656; x_wconf 88' lang='lat' dir='ltr'>natura</span> 
     </span>
     <span class='ocr_line' id='line_1_11' title="bbox 274 1682 1414 1770; baseline 0.004 -25"><span class='ocrx_word' id='word_1_96' title='bbox 274 1692 328 1746; x_wconf 91' lang='lat' dir='ltr'>.et</span> <span class='ocrx_word' id='word_1_97' title='bbox 351 1683 427 1747; x_wconf 91' lang='lat' dir='ltr'>solo</span> <span class='ocrx_word' id='word_1_98' title='bbox 450 1682 521 1764; x_wconf 89' lang='lat' dir='ltr'>ejus</span> <span class='ocrx_word' id='word_1_99' title='bbox 545 1683 672 1747; x_wconf 88' lang='lat' dir='ltr'>lumine</span> <span class='ocrx_word' id='word_1_100' title='bbox 691 1685 834 1766; x_wconf 89' lang='lat' dir='ltr'>cogitat,</span> <span class='ocrx_word' id='word_1_101' title='bbox 856 1705 1021 1768; x_wconf 86' lang='lat' dir='ltr'>nusquam</span> <span class='ocrx_word' id='word_1_102' title='bbox 1041 1685 1141 1750; x_wconf 89' lang='lat' dir='ltr'>aliter</span> <span class='ocrx_word' id='word_1_103' title='bbox 1160 1688 1294 1768; x_wconf 84' lang='lat' dir='ltr'>cogitat</span> <span class='ocrx_word' id='word_1_104' title='bbox 1313 1706 1414 1770; x_wconf 90' lang='lat' dir='ltr'>quam</span> 
     </span>
     <span class='ocr_line' id='line_1_12' title="bbox 292 1777 1415 1864; baseline 0.002 -22"><span class='ocrx_word' id='word_1_105' title='bbox 292 1777 336 1842; x_wconf 87' lang='lat' dir='ltr'>ab</span> <span class='ocrx_word' id='word_1_106' title='bbox 358 1789 508 1842; x_wconf 87' lang='lat' dir='ltr'>extenso</span> <span class='ocrx_word' id='word_1_107' title='bbox 527 1778 626 1860; x_wconf 89' lang='lat' dir='ltr'>quale</span> <span class='ocrx_word' id='word_1_108' title='bbox 655 1788 708 1843; x_wconf 89' lang='lat' dir='ltr'>est</span> <span class='ocrx_word' id='word_1_109' title='bbox 738 1799 854 1844; x_wconf 90' lang='lat' dir='ltr'>coram</span> <span class='ocrx_word' id='word_1_110' title='bbox 877 1780 1005 1844; x_wconf 91' lang='lat' dir='ltr'>oculis:</span> <span class='ocrx_word' id='word_1_111' title='bbox 1038 1781 1098 1844; x_wconf 89' lang='lat' dir='ltr'>sed</span> <span class='ocrx_word' id='word_1_112' title='bbox 1128 1781 1291 1845; x_wconf 83' lang='lat' dir='ltr'>falluntur</span> <span class='ocrx_word' id='word_1_113' title='bbox 1313 1799 1415 1864; x_wconf 90' lang='lat' dir='ltr'>quam</span> 
     </span>
     <span class='ocr_line' id='line_1_13' title="bbox 292 1873 1414 1959; baseline 0.003 -23"><span class='ocrx_word' id='word_1_114' title='bbox 292 1875 455 1950; x_wconf 87' lang='lat' dir='ltr'>maxime,</span> <span class='ocrx_word' id='word_1_115' title='bbox 473 1893 548 1937; x_wconf 91' lang='lat' dir='ltr'>cum</span> <span class='ocrx_word' id='word_1_116' title='bbox 567 1873 725 1938; x_wconf 88' lang='lat' dir='ltr'>similiter</span> <span class='ocrx_word' id='word_1_117' title='bbox 740 1873 897 1956; x_wconf 88' lang='lat' dir='ltr'>cogitant</span> <span class='ocrx_word' id='word_1_118' title='bbox 916 1876 959 1939; x_wconf 91' lang='lat' dir='ltr'>de</span> <span class='ocrx_word' id='word_1_119' title='bbox 979 1875 1099 1955; x_wconf 88' lang='lat' dir='ltr'>caelo;</span> <span class='ocrx_word' id='word_1_120' title='bbox 1122 1887 1307 1940; x_wconf 87' lang='lat' dir='ltr'>extensum</span> <span class='ocrx_word' id='word_1_121' title='bbox 1323 1876 1414 1959; x_wconf 93' lang='lat' dir='ltr'>quod</span> 
     </span>
    </p>
   </div>
   <div class='ocr_carea' id='block_1_3' title="bbox 291 1967 1529 2048">
    <p class='ocr_par' dir='ltr' id='par_1_3' title="bbox 291 1967 1529 2048">
     <span class='ocr_line' id='line_1_14' title="bbox 291 1967 1529 2048; baseline 0.002 -14"><span class='ocrx_word' id='word_1_122' title='bbox 291 1967 348 2042; x_wconf 92' lang='lat' dir='ltr'>ibi,</span> <span class='ocrx_word' id='word_1_123' title='bbox 380 1989 447 2032; x_wconf 93' lang='lat' dir='ltr'>non</span> <span class='ocrx_word' id='word_1_124' title='bbox 478 1977 532 2032; x_wconf 91' lang='lat' dir='ltr'>est</span> <span class='ocrx_word' id='word_1_125' title='bbox 559 1969 648 2032; x_wconf 87' lang='lat' dir='ltr'>sicut</span> <span class='ocrx_word' id='word_1_126' title='bbox 677 1978 862 2032; x_wconf 87' lang='lat' dir='ltr'>extensum</span> <span class='ocrx_word' id='word_1_127' title='bbox 892 1970 926 2033; x_wconf 96' lang='lat' dir='ltr'>in</span> <span class='ocrx_word' id='word_1_128' title='bbox 956 1970 1104 2048; x_wconf 92' lang='lat' dir='ltr'>mundo;</span> <span class='ocrx_word' id='word_1_129' title='bbox 1139 1971 1173 2033; x_wconf 96' lang='lat' dir='ltr'>in</span> <span class='ocrx_word' id='word_1_130' title='bbox 1203 1972 1332 2034; x_wconf 92' lang='lat' dir='ltr'>mundo</span> <span class='ocrx_word' id='word_1_131' title='bbox 1361 1980 1415 2040; x_wconf 89' lang='lat' dir='ltr'>est</span> <span class='ocrx_word' id='word_1_132' title='bbox 1525 1984 1529 1990; x_wconf 88' lang='lat'>&#39;</span> 
     </span>
    </p>
   </div>
   <div class='ocr_carea' id='block_1_4' title="bbox 289 2063 1415 2812">
    <p class='ocr_par' dir='ltr' id='par_1_4' title="bbox 289 2063 1415 2812">
     <span class='ocr_line' id='line_1_15' title="bbox 291 2063 1415 2141; baseline 0.001 -14"><span class='ocrx_word' id='word_1_133' title='bbox 291 2073 477 2128; x_wconf 86' lang='lat' dir='ltr'>extensum</span> <span class='ocrx_word' id='word_1_134' title='bbox 506 2063 774 2127; x_wconf 89' lang='lat' dir='ltr'>determinatum</span> <span class='ocrx_word' id='word_1_135' title='bbox 806 2073 842 2128; x_wconf 92' lang='lat' dir='ltr'>et</span> <span class='ocrx_word' id='word_1_136' title='bbox 876 2065 954 2128; x_wconf 90' lang='lat' dir='ltr'>inde</span> <span class='ocrx_word' id='word_1_137' title='bbox 984 2065 1222 2141; x_wconf 86' lang='lat' dir='ltr'>mensurabile,</span> <span class='ocrx_word' id='word_1_138' title='bbox 1254 2067 1288 2129; x_wconf 94' lang='lat' dir='ltr'>in</span> <span class='ocrx_word' id='word_1_139' title='bbox 1317 2064 1415 2129; x_wconf 89' lang='lat' dir='ltr'>caelo</span> 
     </span>
     <span class='ocr_line' id='line_1_16' title="bbox 290 2159 1413 2236; baseline 0.001 -13"><span class='ocrx_word' id='word_1_140' title='bbox 290 2168 407 2223; x_wconf 86' lang='lat' dir='ltr'>autem</span> <span class='ocrx_word' id='word_1_141' title='bbox 420 2168 474 2224; x_wconf 91' lang='lat' dir='ltr'>est</span> <span class='ocrx_word' id='word_1_142' title='bbox 487 2169 671 2222; x_wconf 89' lang='lat' dir='ltr'>extensum</span> <span class='ocrx_word' id='word_1_143' title='bbox 686 2179 754 2223; x_wconf 93' lang='lat' dir='ltr'>non</span> <span class='ocrx_word' id='word_1_144' title='bbox 767 2159 1045 2236; x_wconf 89' lang='lat' dir='ltr'>determinatum,</span> <span class='ocrx_word' id='word_1_145' title='bbox 1057 2169 1091 2223; x_wconf 91' lang='lat' dir='ltr'>et</span> <span class='ocrx_word' id='word_1_146' title='bbox 1104 2161 1182 2224; x_wconf 92' lang='lat' dir='ltr'>inde</span> <span class='ocrx_word' id='word_1_147' title='bbox 1196 2181 1263 2224; x_wconf 94' lang='lat' dir='ltr'>non</span> <span class='ocrx_word' id='word_1_148' title='bbox 1277 2181 1413 2224; x_wconf 89' lang='lat' dir='ltr'>mensu·</span> 
     </span>
     <span class='ocr_line' id='line_1_17' title="bbox 290 2255 1413 2338; baseline 0.002 -20"><span class='ocrx_word' id='word_1_149' title='bbox 290 2255 418 2334; x_wconf 88' lang='lat' dir='ltr'>rabile;</span> <span class='ocrx_word' id='word_1_150' title='bbox 451 2255 511 2318; x_wconf 90' lang='lat' dir='ltr'>sed</span> <span class='ocrx_word' id='word_1_151' title='bbox 528 2255 570 2318; x_wconf 90' lang='lat' dir='ltr'>de</span> <span class='ocrx_word' id='word_1_152' title='bbox 590 2265 740 2318; x_wconf 88' lang='lat' dir='ltr'>extenso</span> <span class='ocrx_word' id='word_1_153' title='bbox 763 2255 797 2318; x_wconf 92' lang='lat' dir='ltr'>in</span> <span class='ocrx_word' id='word_1_154' title='bbox 817 2255 914 2319; x_wconf 88' lang='lat' dir='ltr'>caelo</span> <span class='ocrx_word' id='word_1_155' title='bbox 933 2255 1103 2320; x_wconf 91' lang='lat' dir='ltr'>videbitur</span> <span class='ocrx_word' id='word_1_156' title='bbox 1126 2257 1160 2318; x_wconf 94' lang='lat' dir='ltr'>in</span> <span class='ocrx_word' id='word_1_157' title='bbox 1183 2257 1413 2338; x_wconf 86' lang='lat' dir='ltr'>sequentibus,</span> 
     </span>
     <span class='ocr_line' id='line_1_18' title="bbox 290 2347 1415 2432; baseline 0.002 -20"><span class='ocrx_word' id='word_1_158' title='bbox 290 2349 346 2412; x_wconf 89' lang='lat' dir='ltr'>ubi</span> <span class='ocrx_word' id='word_1_159' title='bbox 365 2350 408 2412; x_wconf 90' lang='lat' dir='ltr'>de</span> <span class='ocrx_word' id='word_1_160' title='bbox 428 2348 548 2431; x_wconf 86' lang='lat' dir='ltr'>Spatio</span> <span class='ocrx_word' id='word_1_161' title='bbox 566 2359 602 2413; x_wconf 93' lang='lat' dir='ltr'>et</span> <span class='ocrx_word' id='word_1_162' title='bbox 621 2347 793 2432; x_wconf 88' lang='lat' dir='ltr'>Tempore</span> <span class='ocrx_word' id='word_1_163' title='bbox 812 2351 845 2412; x_wconf 96' lang='lat' dir='ltr'>in</span> <span class='ocrx_word' id='word_1_164' title='bbox 865 2349 997 2414; x_wconf 92' lang='lat' dir='ltr'>Mundo</span> <span class='ocrx_word' id='word_1_165' title='bbox 1013 2349 1188 2432; x_wconf 89' lang='lat' dir='ltr'>spirituali.</span> <span class='ocrx_word' id='word_1_166' title='bbox 1235 2349 1415 2414; x_wconf 87' lang='lat' dir='ltr'>Praeterea</span> 
     </span>
     <span class='ocr_line' id='line_1_19' title="bbox 290 2443 1414 2527; baseline 0.002 -21"><span class='ocrx_word' id='word_1_167' title='bbox 290 2445 432 2526; x_wconf 90' lang='lat' dir='ltr'>quisque</span> <span class='ocrx_word' id='word_1_168' title='bbox 466 2445 574 2520; x_wconf 89' lang='lat' dir='ltr'>novit,</span> <span class='ocrx_word' id='word_1_169' title='bbox 606 2454 772 2527; x_wconf 87' lang='lat' dir='ltr'>quantum</span> <span class='ocrx_word' id='word_1_170' title='bbox 806 2465 843 2508; x_wconf 90' lang='lat' dir='ltr'>se</span> <span class='ocrx_word' id='word_1_171' title='bbox 879 2445 971 2508; x_wconf 89' lang='lat' dir='ltr'>visus</span> <span class='ocrx_word' id='word_1_172' title='bbox 1000 2443 1090 2508; x_wconf 90' lang='lat' dir='ltr'>oculi</span> <span class='ocrx_word' id='word_1_173' title='bbox 1119 2445 1291 2520; x_wconf 87' lang='lat' dir='ltr'>extendit,</span> <span class='ocrx_word' id='word_1_174' title='bbox 1323 2443 1414 2527; x_wconf 91' lang='lat' dir='ltr'>quod</span> 
     </span>
     <span class='ocr_line' id='line_1_20' title="bbox 290 2539 1414 2623; baseline 0.002 -21"><span class='ocrx_word' id='word_1_175' title='bbox 290 2559 414 2620; x_wconf 88' lang='lat' dir='ltr'>nempe</span> <span class='ocrx_word' id='word_1_176' title='bbox 431 2540 475 2602; x_wconf 85' lang='lat' dir='ltr'>ad</span> <span class='ocrx_word' id='word_1_177' title='bbox 492 2539 600 2604; x_wconf 91' lang='lat' dir='ltr'>solem</span> <span class='ocrx_word' id='word_1_178' title='bbox 620 2550 656 2604; x_wconf 92' lang='lat' dir='ltr'>et</span> <span class='ocrx_word' id='word_1_179' title='bbox 675 2541 719 2604; x_wconf 90' lang='lat' dir='ltr'>ad</span> <span class='ocrx_word' id='word_1_180' title='bbox 738 2539 870 2614; x_wconf 89' lang='lat' dir='ltr'>stellas,</span> <span class='ocrx_word' id='word_1_181' title='bbox 888 2561 974 2623; x_wconf 87' lang='lat' dir='ltr'>quae</span> <span class='ocrx_word' id='word_1_182' title='bbox 991 2549 1126 2603; x_wconf 92' lang='lat' dir='ltr'>tantum</span> <span class='ocrx_word' id='word_1_183' title='bbox 1143 2541 1293 2618; x_wconf 91' lang='lat' dir='ltr'>distant;</span> <span class='ocrx_word' id='word_1_184' title='bbox 1318 2541 1414 2605; x_wconf 90' lang='lat' dir='ltr'>novit</span> 
     </span>
     <span class='ocr_line' id='line_1_21' title="bbox 290 2634 1413 2717; baseline 0 -19"><span class='ocrx_word' id='word_1_185' title='bbox 290 2635 394 2698; x_wconf 88' lang='lat' dir='ltr'>etiam</span> <span class='ocrx_word' id='word_1_186' title='bbox 414 2634 470 2716; x_wconf 94' lang='lat' dir='ltr'>qui</span> <span class='ocrx_word' id='word_1_187' title='bbox 493 2634 595 2698; x_wconf 91' lang='lat' dir='ltr'>altius</span> <span class='ocrx_word' id='word_1_188' title='bbox 614 2637 760 2717; x_wconf 82' lang='lat' dir='ltr'>cogitat,</span> <span class='ocrx_word' id='word_1_189' title='bbox 780 2634 871 2717; x_wconf 93' lang='lat' dir='ltr'>quod</span> <span class='ocrx_word' id='word_1_190' title='bbox 889 2635 980 2698; x_wconf 90' lang='lat' dir='ltr'>visus</span> <span class='ocrx_word' id='word_1_191' title='bbox 1000 2635 1152 2698; x_wconf 89' lang='lat' dir='ltr'>internus</span> <span class='ocrx_word' id='word_1_192' title='bbox 1171 2635 1227 2717; x_wconf 93' lang='lat' dir='ltr'>qui</span> <span class='ocrx_word' id='word_1_193' title='bbox 1246 2643 1299 2698; x_wconf 91' lang='lat' dir='ltr'>est</span> <span class='ocrx_word' id='word_1_194' title='bbox 1319 2636 1413 2716; x_wconf 90' lang='lat' dir='ltr'>cogi·</span> 
     </span>
     <span class='ocr_line' id='line_1_22' title="bbox 289 2723 1412 2812; baseline 0.002 -20"><span class='ocrx_word' id='word_1_195' title='bbox 289 2729 432 2792; x_wconf 87' lang='lat' dir='ltr'>tationis</span> <span class='ocrx_word' id='word_1_196' title='bbox 449 2723 485 2792; x_wconf 75' lang='lat' dir='ltr'>s&#39;e</span> <span class='ocrx_word' id='word_1_197' title='bbox 502 2729 612 2793; x_wconf 89' lang='lat' dir='ltr'>adhuc</span> <span class='ocrx_word' id='word_1_198' title='bbox 626 2730 727 2793; x_wconf 92' lang='lat' dir='ltr'>latius</span> <span class='ocrx_word' id='word_1_199' title='bbox 741 2731 922 2804; x_wconf 88' lang='lat' dir='ltr'>extendat,</span> <span class='ocrx_word' id='word_1_200' title='bbox 940 2740 976 2793; x_wconf 93' lang='lat' dir='ltr'>et</span> <span class='ocrx_word' id='word_1_201' title='bbox 992 2730 1071 2793; x_wconf 91' lang='lat' dir='ltr'>inde</span> <span class='ocrx_word' id='word_1_202' title='bbox 1088 2729 1179 2812; x_wconf 91' lang='lat' dir='ltr'>quod</span> <span class='ocrx_word' id='word_1_203' title='bbox 1195 2731 1285 2792; x_wconf 92' lang='lat' dir='ltr'>visus</span> <span class='ocrx_word' id='word_1_204' title='bbox 1301 2730 1412 2794; x_wconf 92' lang='lat' dir='ltr'>adhuc</span> 
     </span>
    </p>
   </div>
   <div class='ocr_carea' id='block_1_5' title="bbox 289 2824 1531 2908">
    <p class='ocr_par' dir='ltr' id='par_1_5' title="bbox 289 2824 1531 2908">
     <span class='ocr_line' id='line_1_23' title="bbox 289 2824 1531 2908; baseline 0 -20"><span class='ocrx_word' id='word_1_205' title='bbox 289 2825 430 2888; x_wconf 90' lang='lat' dir='ltr'>interior</span> <span class='ocrx_word' id='word_1_206' title='bbox 448 2825 560 2888; x_wconf 91' lang='lat' dir='ltr'>adhuc</span> <span class='ocrx_word' id='word_1_207' title='bbox 580 2824 702 2904; x_wconf 88' lang='lat' dir='ltr'>latius;</span> <span class='ocrx_word' id='word_1_208' title='bbox 726 2827 807 2908; x_wconf 93' lang='lat' dir='ltr'>quid</span> <span class='ocrx_word' id='word_1_209' title='bbox 827 2845 895 2888; x_wconf 94' lang='lat' dir='ltr'>non</span> <span class='ocrx_word' id='word_1_210' title='bbox 915 2825 1007 2888; x_wconf 90' lang='lat' dir='ltr'>visus</span> <span class='ocrx_word' id='word_1_211' title='bbox 1027 2825 1169 2888; x_wconf 90' lang='lat' dir='ltr'>Divinus</span> <span class='ocrx_word' id='word_1_212' title='bbox 1188 2826 1243 2907; x_wconf 92' lang='lat' dir='ltr'>qui</span> <span class='ocrx_word' id='word_1_213' title='bbox 1262 2826 1413 2888; x_wconf 89' lang='lat' dir='ltr'>omnium</span> <span class='ocrx_word' id='word_1_214' title='bbox 1530 2835 1531 2838; x_wconf 76' lang='grc'>’</span> 
     </span>
    </p>
   </div>
   <div class='ocr_carea' id='block_1_6' title="bbox 286 2919 1414 4717">
    <p class='ocr_par' dir='ltr' id='par_1_6' title="bbox 288 2919 1413 3288">
     <span class='ocr_line' id='line_1_24' title="bbox 289 2919 1413 3002; baseline 0.001 -20"><span class='ocrx_word' id='word_1_215' title='bbox 289 2920 429 2983; x_wconf 90' lang='lat' dir='ltr'>intimus</span> <span class='ocrx_word' id='word_1_216' title='bbox 453 2930 488 2984; x_wconf 89' lang='lat' dir='ltr'>et</span> <span class='ocrx_word' id='word_1_217' title='bbox 511 2940 688 3002; x_wconf 90' lang='lat' dir='ltr'>supremus</span> <span class='ocrx_word' id='word_1_218' title='bbox 708 2921 785 2984; x_wconf 89' lang='lat' dir='ltr'>est?</span> <span class='ocrx_word' id='word_1_219' title='bbox 831 2919 920 3002; x_wconf 87' lang='lat' dir='ltr'>Quia</span> <span class='ocrx_word' id='word_1_220' title='bbox 939 2921 1170 3002; x_wconf 89' lang='lat' dir='ltr'>cogitationes</span> <span class='ocrx_word' id='word_1_221' title='bbox 1190 2919 1269 2983; x_wconf 88' lang='lat' dir='ltr'>talis</span> <span class='ocrx_word' id='word_1_222' title='bbox 1288 2930 1413 2984; x_wconf 89' lang='lat' dir='ltr'>exten·</span> 
     </span>
     <span class='ocr_line' id='line_1_25' title="bbox 290 3015 1413 3098; baseline 0 -20"><span class='ocrx_word' id='word_1_223' title='bbox 290 3015 395 3078; x_wconf 91' lang='lat' dir='ltr'>sionis</span> <span class='ocrx_word' id='word_1_224' title='bbox 412 3025 503 3091; x_wconf 92' lang='lat' dir='ltr'>sunt,</span> <span class='ocrx_word' id='word_1_225' title='bbox 522 3016 600 3078; x_wconf 91' lang='lat' dir='ltr'>ideo</span> <span class='ocrx_word' id='word_1_226' title='bbox 616 3016 913 3079; x_wconf 89' lang='lat' dir='ltr'>communicantur</span> <span class='ocrx_word' id='word_1_227' title='bbox 929 3016 1044 3078; x_wconf 85' lang='lat' dir='ltr'>omnia</span> <span class='ocrx_word' id='word_1_228' title='bbox 1060 3015 1147 3079; x_wconf 90' lang='lat' dir='ltr'>caeli</span> <span class='ocrx_word' id='word_1_229' title='bbox 1166 3034 1241 3077; x_wconf 91' lang='lat' dir='ltr'>curn</span> <span class='ocrx_word' id='word_1_230' title='bbox 1260 3035 1413 3098; x_wconf 88' lang='lat' dir='ltr'>unoquo·</span> 
     </span>
     <span class='ocr_line' id='line_1_26' title="bbox 288 3107 1409 3194; baseline 0.001 -22"><span class='ocrx_word' id='word_1_231' title='bbox 288 3110 340 3172; x_wconf 93' lang='lat' dir='ltr'>vis</span> <span class='ocrx_word' id='word_1_232' title='bbox 358 3110 414 3186; x_wconf 94' lang='lat' dir='ltr'>ibi,</span> <span class='ocrx_word' id='word_1_233' title='bbox 432 3111 480 3173; x_wconf 89' lang='lat' dir='ltr'>ita</span> <span class='ocrx_word' id='word_1_234' title='bbox 496 3111 611 3174; x_wconf 90' lang='lat' dir='ltr'>omnia</span> <span class='ocrx_word' id='word_1_235' title='bbox 627 3109 741 3174; x_wconf 91' lang='lat' dir='ltr'>Divini</span> <span class='ocrx_word' id='word_1_236' title='bbox 758 3111 847 3194; x_wconf 91' lang='lat' dir='ltr'>quod</span> <span class='ocrx_word' id='word_1_237' title='bbox 864 3109 944 3174; x_wconf 84' lang='lat' dir='ltr'>facit</span> <span class='ocrx_word' id='word_1_238' title='bbox 962 3110 1105 3185; x_wconf 91' lang='lat' dir='ltr'>caelum,</span> <span class='ocrx_word' id='word_1_239' title='bbox 1124 3119 1159 3173; x_wconf 92' lang='lat' dir='ltr'>et</span> <span class='ocrx_word' id='word_1_240' title='bbox 1178 3109 1299 3192; x_wconf 90' lang='lat' dir='ltr'>implet</span> <span class='ocrx_word' id='word_1_241' title='bbox 1315 3107 1409 3184; x_wconf 87' lang='lat' dir='ltr'>illud,</span> 
     </span>
     <span class='ocr_line' id='line_1_27' title="bbox 289 3205 1142 3288; baseline 0.001 -20"><span class='ocrx_word' id='word_1_242' title='bbox 289 3216 326 3268; x_wconf 90' lang='lat' dir='ltr'>ut</span> <span class='ocrx_word' id='word_1_243' title='bbox 345 3215 523 3268; x_wconf 86' lang='lat' dir='ltr'>ostensum</span> <span class='ocrx_word' id='word_1_244' title='bbox 545 3216 598 3269; x_wconf 91' lang='lat' dir='ltr'>est</span> <span class='ocrx_word' id='word_1_245' title='bbox 617 3206 651 3268; x_wconf 92' lang='lat' dir='ltr'>in</span> <span class='ocrx_word' id='word_1_246' title='bbox 671 3205 824 3270; x_wconf 89' lang='lat' dir='ltr'>articulis</span> <span class='ocrx_word' id='word_1_247' title='bbox 843 3206 899 3288; x_wconf 90' lang='lat' dir='ltr'>qui</span> <span class='ocrx_word' id='word_1_248' title='bbox 918 3205 1142 3288; x_wconf 88' lang='lat' dir='ltr'>praecedunt.</span> 
     </span>
    </p>

    <p class='ocr_par' dir='ltr' id='par_1_7' title="bbox 286 3297 1414 4717">
     <span class='ocr_line' id='line_1_28' title="bbox 354 3297 1412 3384; baseline 0.001 -20"><span class='ocrx_word' id='word_1_249' title='bbox 354 3299 427 3364; x_wconf 82' lang='lat'>86.</span> <span class='ocrx_word' id='word_1_250' title='bbox 451 3299 567 3364; x_wconf 89' lang='lat' dir='ltr'>Mirati</span> <span class='ocrx_word' id='word_1_251' title='bbox 584 3311 663 3364; x_wconf 92' lang='lat' dir='ltr'>sunt</span> <span class='ocrx_word' id='word_1_252' title='bbox 680 3300 727 3364; x_wconf 94' lang='lat' dir='ltr'>illi</span> <span class='ocrx_word' id='word_1_253' title='bbox 745 3302 801 3384; x_wconf 92' lang='lat' dir='ltr'>qui</span> <span class='ocrx_word' id='word_1_254' title='bbox 820 3301 853 3362; x_wconf 90' lang='lat' dir='ltr'>in</span> <span class='ocrx_word' id='word_1_255' title='bbox 873 3300 971 3363; x_wconf 91' lang='lat' dir='ltr'>caelo</span> <span class='ocrx_word' id='word_1_256' title='bbox 987 3311 1078 3374; x_wconf 93' lang='lat' dir='ltr'>sunt,</span> <span class='ocrx_word' id='word_1_257' title='bbox 1096 3299 1187 3382; x_wconf 93' lang='lat' dir='ltr'>quod</span> <span class='ocrx_word' id='word_1_258' title='bbox 1203 3297 1360 3364; x_wconf 86' lang='lat' dir='ltr'>homines</span> <span class='ocrx_word' id='word_1_259' title='bbox 1375 3320 1412 3365; x_wconf 84' lang='lat' dir='ltr'>sc</span> 
     </span>
     <span class='ocr_line' id='line_1_29' title="bbox 291 3393 1413 3477; baseline 0.001 -21"><span class='ocrx_word' id='word_1_260' title='bbox 291 3393 530 3476; x_wconf 83' lang='lat' dir='ltr'>intelligentes</span> <span class='ocrx_word' id='word_1_261' title='bbox 547 3395 701 3470; x_wconf 88' lang='lat' dir='ltr'>credant,</span> <span class='ocrx_word' id='word_1_262' title='bbox 722 3395 778 3477; x_wconf 91' lang='lat' dir='ltr'>qui</span> <span class='ocrx_word' id='word_1_263' title='bbox 797 3395 840 3457; x_wconf 92' lang='lat' dir='ltr'>de</span> <span class='ocrx_word' id='word_1_264' title='bbox 859 3393 1030 3468; x_wconf 92' lang='lat' dir='ltr'>invisibili,</span> <span class='ocrx_word' id='word_1_265' title='bbox 1052 3393 1118 3456; x_wconf 93' lang='lat' dir='ltr'>hoc</span> <span class='ocrx_word' id='word_1_266' title='bbox 1137 3403 1201 3468; x_wconf 91' lang='lat' dir='ltr'>est,</span> <span class='ocrx_word' id='word_1_267' title='bbox 1222 3394 1413 3476; x_wconf 88' lang='lat' dir='ltr'>incompre-</span> 
     </span>
     <span class='ocr_line' id='line_1_30' title="bbox 287 3485 1412 3570; baseline 0.001 -21"><span class='ocrx_word' id='word_1_268' title='bbox 287 3485 447 3550; x_wconf 89' lang='lat' dir='ltr'>hensibili</span> <span class='ocrx_word' id='word_1_269' title='bbox 463 3487 526 3551; x_wconf 92' lang='lat' dir='ltr'>sub</span> <span class='ocrx_word' id='word_1_270' title='bbox 542 3487 656 3570; x_wconf 89' lang='lat' dir='ltr'>aliqua</span> <span class='ocrx_word' id='word_1_271' title='bbox 672 3488 791 3564; x_wconf 85' lang='lat' dir='ltr'>forma,</span> <span class='ocrx_word' id='word_1_272' title='bbox 806 3507 881 3550; x_wconf 91' lang='lat' dir='ltr'>cum</span> <span class='ocrx_word' id='word_1_273' title='bbox 898 3487 942 3550; x_wconf 88' lang='lat' dir='ltr'>de</span> <span class='ocrx_word' id='word_1_274' title='bbox 961 3486 1048 3562; x_wconf 88' lang='lat' dir='ltr'>Deo,</span> <span class='ocrx_word' id='word_1_275' title='bbox 1066 3487 1242 3568; x_wconf 90' lang='lat' dir='ltr'>cogitant;</span> <span class='ocrx_word' id='word_1_276' title='bbox 1267 3497 1302 3550; x_wconf 91' lang='lat' dir='ltr'>et</span> <span class='ocrx_word' id='word_1_277' title='bbox 1322 3485 1412 3570; x_wconf 91' lang='lat' dir='ltr'>quod</span> 
     </span>
     <span class='ocr_line' id='line_1_31' title="bbox 289 3581 1413 3666; baseline -0.002 -20"><span class='ocrx_word' id='word_1_278' title='bbox 289 3583 346 3666; x_wconf 90' lang='lat' dir='ltr'>qui</span> <span class='ocrx_word' id='word_1_279' title='bbox 368 3582 479 3658; x_wconf 90' lang='lat' dir='ltr'>aliter,</span> <span class='ocrx_word' id='word_1_280' title='bbox 500 3603 569 3646; x_wconf 91' lang='lat' dir='ltr'>non</span> <span class='ocrx_word' id='word_1_281' title='bbox 593 3582 831 3664; x_wconf 87' lang='lat' dir='ltr'>intelligentes</span> <span class='ocrx_word' id='word_1_282' title='bbox 860 3591 896 3646; x_wconf 89' lang='lat' dir='ltr'>et</span> <span class='ocrx_word' id='word_1_283' title='bbox 926 3603 1060 3666; x_wconf 92' lang='lat' dir='ltr'>quoque</span> <span class='ocrx_word' id='word_1_284' title='bbox 1078 3581 1250 3664; x_wconf 91' lang='lat' dir='ltr'>simplices</span> <span class='ocrx_word' id='word_1_285' title='bbox 1273 3581 1413 3660; x_wconf 86' lang='lat' dir='ltr'>dicant;</span> 
     </span>
     <span class='ocr_line' id='line_1_32' title="bbox 288 3675 1411 3759; baseline -0.002 -19"><span class='ocrx_word' id='word_1_286' title='bbox 288 3697 365 3741; x_wconf 92' lang='lat' dir='ltr'>cum</span> <span class='ocrx_word' id='word_1_287' title='bbox 382 3687 500 3742; x_wconf 89' lang='lat' dir='ltr'>tamen</span> <span class='ocrx_word' id='word_1_288' title='bbox 513 3680 720 3742; x_wconf 90' lang='lat' dir='ltr'>contrarium</span> <span class='ocrx_word' id='word_1_289' title='bbox 737 3679 791 3741; x_wconf 92' lang='lat' dir='ltr'>sit.</span> <span class='ocrx_word' id='word_1_290' title='bbox 837 3676 958 3752; x_wconf 90' lang='lat' dir='ltr'>Aiunt,</span> <span class='ocrx_word' id='word_1_291' title='bbox 974 3675 1038 3740; x_wconf 90' lang='lat' dir='ltr'>“Si</span> <span class='ocrx_word' id='word_1_292' title='bbox 1055 3676 1239 3759; x_wconf 85' lang='lat' dir='ltr'>explorent</span> <span class='ocrx_word' id='word_1_293' title='bbox 1256 3696 1292 3738; x_wconf 91' lang='lat' dir='ltr'>se</span> <span class='ocrx_word' id='word_1_294' title='bbox 1309 3678 1411 3758; x_wconf 90' lang='lat' dir='ltr'>ipsos,</span> 
     </span>
     <span class='ocr_line' id='line_1_33' title="bbox 288 3769 1414 3855; baseline -0.001 -20"><span class='ocrx_word' id='word_1_295' title='bbox 288 3773 345 3855; x_wconf 93' lang='lat' dir='ltr'>qui</span> <span class='ocrx_word' id='word_1_296' title='bbox 369 3773 447 3836; x_wconf 88' lang='lat' dir='ltr'>inde</span> <span class='ocrx_word' id='word_1_297' title='bbox 467 3793 503 3836; x_wconf 90' lang='lat' dir='ltr'>se</span> <span class='ocrx_word' id='word_1_298' title='bbox 523 3773 762 3855; x_wconf 88' lang='lat' dir='ltr'>intelligentes</span> <span class='ocrx_word' id='word_1_299' title='bbox 778 3772 933 3848; x_wconf 89' lang='lat' dir='ltr'>credunt,</span> <span class='ocrx_word' id='word_1_300' title='bbox 953 3791 1070 3836; x_wconf 90' lang='lat' dir='ltr'>annon</span> <span class='ocrx_word' id='word_1_301' title='bbox 1094 3791 1155 3853; x_wconf 93' lang='lat' dir='ltr'>pro</span> <span class='ocrx_word' id='word_1_302' title='bbox 1179 3769 1254 3842; x_wconf 87' lang='lat' dir='ltr'>Deo</span> <span class='ocrx_word' id='word_1_303' title='bbox 1272 3771 1414 3834; x_wconf 89' lang='lat' dir='ltr'>videant</span> 
     </span>
     <span class='ocr_line' id='line_1_34' title="bbox 289 3865 1412 3953; baseline 0 -23"><span class='ocrx_word' id='word_1_304' title='bbox 289 3867 471 3932; x_wconf 83' lang='lat' dir='ltr'>naturam?</span> <span class='ocrx_word' id='word_1_305' title='bbox 505 3869 643 3953; x_wconf 87' lang='lat' dir='ltr'>quidam</span> <span class='ocrx_word' id='word_1_306' title='bbox 674 3868 769 3931; x_wconf 87' lang='lat' dir='ltr'>illam</span> <span class='ocrx_word' id='word_1_307' title='bbox 800 3889 886 3950; x_wconf 88' lang='lat' dir='ltr'>quae</span> <span class='ocrx_word' id='word_1_308' title='bbox 909 3887 1025 3931; x_wconf 91' lang='lat' dir='ltr'>coram</span> <span class='ocrx_word' id='word_1_309' title='bbox 1048 3865 1154 3930; x_wconf 91' lang='lat' dir='ltr'>oculis</span> <span class='ocrx_word' id='word_1_310' title='bbox 1185 3874 1250 3941; x_wconf 86' lang='lat' dir='ltr'>est,</span> <span class='ocrx_word' id='word_1_311' title='bbox 1275 3867 1412 3948; x_wconf 90' lang='lat' dir='ltr'>quidam</span> 
     </span>
     <span class='ocr_line' id='line_1_35' title="bbox 289 3961 1413 4044; baseline -0.003 -18"><span class='ocrx_word' id='word_1_312' title='bbox 289 3961 386 4026; x_wconf 91' lang='lat' dir='ltr'>illam</span> <span class='ocrx_word' id='word_1_313' title='bbox 402 3983 489 4044; x_wconf 88' lang='lat' dir='ltr'>quae</span> <span class='ocrx_word' id='word_1_314' title='bbox 506 3984 574 4026; x_wconf 90' lang='lat' dir='ltr'>non</span> <span class='ocrx_word' id='word_1_315' title='bbox 591 3982 706 4027; x_wconf 90' lang='lat' dir='ltr'>coram</span> <span class='ocrx_word' id='word_1_316' title='bbox 723 3963 855 4027; x_wconf 90' lang='lat' dir='ltr'>oculis?</span> <span class='ocrx_word' id='word_1_317' title='bbox 878 3961 926 4026; x_wconf 90' lang='lat' dir='ltr'>Et</span> <span class='ocrx_word' id='word_1_318' title='bbox 942 3981 1056 4025; x_wconf 87' lang='lat' dir='ltr'>annon</span> <span class='ocrx_word' id='word_1_319' title='bbox 1074 3961 1269 4025; x_wconf 88' lang='lat' dir='ltr'>caecutiant</span> <span class='ocrx_word' id='word_1_320' title='bbox 1285 3963 1318 4023; x_wconf 91' lang='lat' dir='ltr'>in</span> <span class='ocrx_word' id='word_1_321' title='bbox 1336 3971 1413 4025; x_wconf 89' lang='lat' dir='ltr'>tan·</span> 
     </span>
     <span class='ocr_line' id='line_1_36' title="bbox 288 4055 1412 4142; baseline -0.004 -19"><span class='ocrx_word' id='word_1_322' title='bbox 288 4069 375 4133; x_wconf 87' lang='lat' dir='ltr'>tum,</span> <span class='ocrx_word' id='word_1_323' title='bbox 393 4069 429 4122; x_wconf 95' lang='lat' dir='ltr'>ut</span> <span class='ocrx_word' id='word_1_324' title='bbox 449 4080 517 4123; x_wconf 95' lang='lat' dir='ltr'>non</span> <span class='ocrx_word' id='word_1_325' title='bbox 537 4061 649 4124; x_wconf 89' lang='lat' dir='ltr'>sciant</span> <span class='ocrx_word' id='word_1_326' title='bbox 668 4059 747 4142; x_wconf 93' lang='lat' dir='ltr'>quid</span> <span class='ocrx_word' id='word_1_327' title='bbox 768 4057 871 4132; x_wconf 86' lang='lat' dir='ltr'>Deus,</span> <span class='ocrx_word' id='word_1_328' title='bbox 892 4057 971 4141; x_wconf 92' lang='lat' dir='ltr'>quid</span> <span class='ocrx_word' id='word_1_329' title='bbox 991 4055 1146 4138; x_wconf 91' lang='lat' dir='ltr'>angelus,</span> <span class='ocrx_word' id='word_1_330' title='bbox 1164 4056 1243 4138; x_wconf 94' lang='lat' dir='ltr'>quid</span> <span class='ocrx_word' id='word_1_331' title='bbox 1263 4056 1412 4137; x_wconf 87' lang='lat' dir='ltr'>spiritus,</span> 
     </span>
     <span class='ocr_line' id='line_1_37' title="bbox 287 4149 1413 4238; baseline -0.003 -22"><span class='ocrx_word' id='word_1_332' title='bbox 287 4155 368 4238; x_wconf 91' lang='lat' dir='ltr'>quid</span> <span class='ocrx_word' id='word_1_333' title='bbox 388 4153 501 4217; x_wconf 89' lang='lat' dir='ltr'>anima</span> <span class='ocrx_word' id='word_1_334' title='bbox 524 4175 585 4218; x_wconf 91' lang='lat' dir='ltr'>sua</span> <span class='ocrx_word' id='word_1_335' title='bbox 606 4175 694 4237; x_wconf 89' lang='lat' dir='ltr'>quae</span> <span class='ocrx_word' id='word_1_336' title='bbox 712 4150 843 4216; x_wconf 69' lang='lat' dir='ltr'>viclura</span> <span class='ocrx_word' id='word_1_337' title='bbox 861 4161 940 4236; x_wconf 91' lang='lat' dir='ltr'>post</span> <span class='ocrx_word' id='word_1_338' title='bbox 960 4163 1119 4224; x_wconf 89' lang='lat' dir='ltr'>mortem,</span> <span class='ocrx_word' id='word_1_339' title='bbox 1137 4150 1217 4234; x_wconf 93' lang='lat' dir='ltr'>quid</span> <span class='ocrx_word' id='word_1_340' title='bbox 1236 4151 1308 4212; x_wconf 91' lang='lat' dir='ltr'>vita</span> <span class='ocrx_word' id='word_1_341' title='bbox 1326 4149 1413 4214; x_wconf 90' lang='lat' dir='ltr'>caeli</span> 
     </span>
     <span class='ocr_line' id='line_1_38' title="bbox 287 4244 1410 4332; baseline -0.004 -17"><span class='ocrx_word' id='word_1_342' title='bbox 287 4249 378 4332; x_wconf 83' lang='lat' dir='ltr'>apud</span> <span class='ocrx_word' id='word_1_343' title='bbox 411 4249 598 4325; x_wconf 93' lang='lat' dir='ltr'>hominem,</span> <span class='ocrx_word' id='word_1_344' title='bbox 622 4260 658 4314; x_wconf 94' lang='lat' dir='ltr'>et</span> <span class='ocrx_word' id='word_1_345' title='bbox 689 4249 785 4332; x_wconf 88' lang='lat' dir='ltr'>plura</span> <span class='ocrx_word' id='word_1_346' title='bbox 814 4269 901 4332; x_wconf 89' lang='lat' dir='ltr'>quae</span> <span class='ocrx_word' id='word_1_347' title='bbox 930 4247 1181 4330; x_wconf 88' lang='lat' dir='ltr'>intelligentiae</span> <span class='ocrx_word' id='word_1_348' title='bbox 1205 4244 1311 4308; x_wconf 84' lang='lat' dir='ltr'>sunt?</span> <span class='ocrx_word' id='word_1_349' title='bbox 1334 4261 1410 4311; x_wconf 87' lang='lat' dir='ltr'>cum</span> 
     </span>
     <span class='ocr_line' id='line_1_39' title="bbox 286 4339 1411 4427; baseline -0.009 -15"><span class='ocrx_word' id='word_1_350' title='bbox 286 4355 405 4412; x_wconf 88' lang='lat' dir='ltr'>tamen</span> <span class='ocrx_word' id='word_1_351' title='bbox 418 4345 504 4409; x_wconf 91' lang='lat' dir='ltr'>haec</span> <span class='ocrx_word' id='word_1_352' title='bbox 519 4347 633 4408; x_wconf 89' lang='lat' dir='ltr'>omnia</span> <span class='ocrx_word' id='word_1_353' title='bbox 646 4345 827 4426; x_wconf 89' lang='lat' dir='ltr'>simplices,</span> <span class='ocrx_word' id='word_1_354' title='bbox 842 4365 927 4427; x_wconf 92' lang='lat' dir='ltr'>quos</span> <span class='ocrx_word' id='word_1_355' title='bbox 941 4351 1080 4416; x_wconf 86' lang='lat' dir='ltr'>vocant,</span> <span class='ocrx_word' id='word_1_356' title='bbox 1092 4361 1154 4404; x_wconf 91' lang='lat' dir='ltr'>suo</span> <span class='ocrx_word' id='word_1_357' title='bbox 1171 4340 1275 4404; x_wconf 93' lang='lat' dir='ltr'>modo</span> <span class='ocrx_word' id='word_1_358' title='bbox 1287 4339 1411 4415; x_wconf 90' lang='lat' dir='ltr'>sciunt,</span> 
     </span>
     <span class='ocr_line' id='line_1_40' title="bbox 286 4435 1411 4524; baseline -0.008 -19"><span class='ocrx_word' id='word_1_359' title='bbox 286 4441 401 4505; x_wconf 88' lang='lat' dir='ltr'>ideam</span> <span class='ocrx_word' id='word_1_360' title='bbox 419 4440 483 4504; x_wconf 91' lang='lat' dir='ltr'>Dei</span> <span class='ocrx_word' id='word_1_361' title='bbox 502 4441 552 4504; x_wconf 90' lang='lat' dir='ltr'>sui</span> <span class='ocrx_word' id='word_1_362' title='bbox 571 4439 701 4504; x_wconf 90' lang='lat' dir='ltr'>habent</span> <span class='ocrx_word' id='word_1_363' title='bbox 718 4441 809 4524; x_wconf 93' lang='lat' dir='ltr'>quod</span> <span class='ocrx_word' id='word_1_364' title='bbox 829 4441 873 4502; x_wconf 91' lang='lat' dir='ltr'>sit</span> <span class='ocrx_word' id='word_1_365' title='bbox 894 4438 1054 4502; x_wconf 91' lang='lat' dir='ltr'>Divinum</span> <span class='ocrx_word' id='word_1_366' title='bbox 1075 4437 1107 4499; x_wconf 94' lang='lat' dir='ltr'>in</span> <span class='ocrx_word' id='word_1_367' title='bbox 1127 4435 1235 4499; x_wconf 84' lang='lat' dir='ltr'>forma</span> <span class='ocrx_word' id='word_1_368' title='bbox 1251 4435 1411 4508; x_wconf 91' lang='lat' dir='ltr'>humana,</span> 
     </span>
     <span class='ocr_line' id='line_1_41' title="bbox 286 4529 1412 4620; baseline -0.008 -20"><span class='ocrx_word' id='word_1_369' title='bbox 286 4538 401 4602; x_wconf 87' lang='lat' dir='ltr'>ideam</span> <span class='ocrx_word' id='word_1_370' title='bbox 421 4535 535 4620; x_wconf 87' lang='lat' dir='ltr'>angeli</span> <span class='ocrx_word' id='word_1_371' title='bbox 554 4537 645 4619; x_wconf 92' lang='lat' dir='ltr'>quod</span> <span class='ocrx_word' id='word_1_372' title='bbox 665 4537 710 4600; x_wconf 89' lang='lat' dir='ltr'>sit</span> <span class='ocrx_word' id='word_1_373' title='bbox 729 4535 889 4599; x_wconf 90' lang='lat' dir='ltr'>caelestis</span> <span class='ocrx_word' id='word_1_374' title='bbox 907 4533 1023 4607; x_wconf 91' lang='lat' dir='ltr'>homo,</span> <span class='ocrx_word' id='word_1_375' title='bbox 1044 4531 1157 4595; x_wconf 91' lang='lat' dir='ltr'>ideam</span> <span class='ocrx_word' id='word_1_376' title='bbox 1177 4529 1311 4592; x_wconf 90' lang='lat' dir='ltr'>animae</span> <span class='ocrx_word' id='word_1_377' title='bbox 1331 4547 1412 4592; x_wconf 89' lang='lat' dir='ltr'>suae</span> 
     </span>
     <span class='ocr_line' id='line_1_42' title="bbox 287 4623 1413 4717; baseline -0.009 -20"><span class='ocrx_word' id='word_1_378' title='bbox 287 4653 375 4717; x_wconf 84' lang='lat' dir='ltr'>quae</span> <span class='ocrx_word' id='word_1_379' title='bbox 390 4630 520 4698; x_wconf 74' lang='lat' dir='ltr'>vidtura</span> <span class='ocrx_word' id='word_1_380' title='bbox 535 4641 615 4716; x_wconf 87' lang='lat' dir='ltr'>post</span> <span class='ocrx_word' id='word_1_381' title='bbox 635 4641 782 4696; x_wconf 88' lang='lat' dir='ltr'>mortem</span> <span class='ocrx_word' id='word_1_382' title='bbox 799 4631 890 4713; x_wconf 91' lang='lat' dir='ltr'>quod</span> <span class='ocrx_word' id='word_1_383' title='bbox 910 4631 954 4693; x_wconf 91' lang='lat' dir='ltr'>sit</span> <span class='ocrx_word' id='word_1_384' title='bbox 973 4629 1058 4692; x_wconf 85' lang='lat' dir='ltr'>sicut</span> <span class='ocrx_word' id='word_1_385' title='bbox 1075 4623 1229 4708; x_wconf 86' lang='lat' dir='ltr'>angelus,</span> <span class='ocrx_word' id='word_1_386' title='bbox 1247 4637 1283 4688; x_wconf 91' lang='lat' dir='ltr'>et</span> <span class='ocrx_word' id='word_1_387' title='bbox 1302 4623 1413 4688; x_wconf 84' lang='lat' dir='ltr'>ideam</span> 
     </span>
    </p>
   </div>
   <div class='ocr_carea' id='block_1_7' title="bbox 0 0 1688 5351">
    <p class='ocr_par' dir='ltr' id='par_1_8' title="bbox 0 0 1688 5351">
     <span class='ocr_line' id='line_1_43' title="bbox 0 0 1688 5351; baseline 0 0"><span class='ocrx_word' id='word_1_388' title='bbox 0 0 1688 5351; x_wconf 95' lang='lat' dir='ltr'> </span> 
     </span>
    </p>
   </div>
  </div>
 </body>
</html>
