3350 5366
304 635 365 716 382
628 643 679 694 nu
701 641 826 694 cneco
849 641 899 692 ur·
920 638 1100 695 INFERNO.

300 819 446 884 mundus
458 817 649 900 spirituum,
663 815 720 898 qui
730 813 823 901 quod
836 814 881 878 sit
894 813 1025 878 medius
1037 814 1127 876 inter
1139 809 1272 876 caelum
1285 819 1321 878 et
1334 810 1423 876 inter

299 915 477 987 infernum,
490 913 648 976 videatur
666 929 768 990 supra
786 907 834 992 (n.
851 907 1028 990 421-431).
1072 903 1175 988 Quod
1192 905 1338 970 mundus
1352 907 1421 988 spi·

299 1010 425 1074 rituum
456 1009 489 1072 in
520 1027 563 1070 eo
585 1005 785 1088 aequilibrio
814 1005 867 1079 sit,
888 1013 942 1068 est
969 1002 1048 1085 quia
1066 1003 1179 1066 omnis
1207 999 1313 1066 bomo
1343 1011 1422 1084 post

301 1111 446 1168 mortem
467 1102 613 1184 primum
637 1101 745 1164 intrat
764 1099 929 1162 mundum
948 1099 1138 1178 spirituum,
1155 1105 1192 1160 et
1215 1096 1261 1160 ibi
1284 1106 1422 1163 tenetur

299 1198 333 1260 in
357 1196 459 1262 simili
478 1205 574 1262 statu
604 1196 638 1260 in
662 1215 731 1278 quo
752 1193 815 1256 fuit
840 1194 876 1256 in
903 1192 1045 1268 mundo,
1065 1191 1157 1274 quod
1176 1189 1247 1256 fieri
1266 1192 1422 1274 nequiret

300 1292 364 1356 nisi
386 1291 433 1355 ibi
455 1309 625 1354 summum
644 1288 880 1370 aequilibrium
899 1296 1012 1366 esset3
1043 1306 1104 1368 per
1126 1285 1160 1350 id
1184 1287 1273 1350 enim
1297 1285 1421 1368 explo-

298 1396 417 1450 rantur
436 1405 557 1450 omnes
575 1383 695 1468 quales
714 1391 805 1458 sunt,
823 1381 932 1448 relicti
949 1383 1040 1446 enim
1058 1382 1105 1446 ibi
1125 1391 1204 1445 sunt
1223 1401 1285 1446 suo
1301 1379 1419 1456 libero,

298 1483 333 1544 in
362 1479 455 1564 quali
480 1479 615 1544 fuerunt
645 1479 679 1544 in
707 1479 846 1542 mundo.
891 1476 1144 1560 Aequilibrium
1166 1475 1344 1559 spirituale
1366 1485 1421 1540 est

299 1575 443 1640 liberum
459 1575 550 1658 apud
566 1574 741 1638 hominem
757 1583 794 1638 et
813 1573 970 1656 spiritum
988 1571 1041 1654 (ut
1059 1591 1142 1636 mox
1161 1591 1274 1653 supra,
1294 1589 1327 1634 ιι.
1348 1571 1419 1652 589,

299 1668 427 1734 dictum
450 1669 532 1754 est).
578 1668 689 1752 Quale
712 1667 859 1750 cujusvis
879 1667 1021 1730 liberum
1045 1677 1112 1744 est,
1131 1666 1354 1748 cognoscitur
1374 1666 1421 1728 ibi
1467 1737 1474 1750 ,

298 1765 343 1830 ab
361 1765 495 1848 angelis
517 1765 552 1828 in
575 1763 674 1828 caelo
692 1784 753 1848 per
770 1762 1120 1826 communicationem
1144 1758 1361 1826 affectionum
1383 1771 1421 1826 et

298 1859 550 1942 cogitationum
568 1859 668 1936 inde;
696 1867 732 1924 et
755 1859 789 1922 id
807 1866 951 1942 apparet
967 1857 1011 1920 ad
1031 1858 1140 1920 visum
1158 1875 1275 1922 coram
1293 1855 1419 1938 spiriti·

297 1956 361 2018 bus
390 1955 559 2058 angeflcis
588 1974 648 2038 per
677 1954 750 2018 vias
778 1973 864 2035 quas
886 1953 1028 2016 vadunt.
1075 1950 1141 2034 Qui
1171 1951 1252 2016 boni
1280 1951 1420 2034 spiritus

297 2059 390 2126 sunt,
410 2050 460 2114 illi
478 2059 562 2114 eunt
580 2049 653 2112 vias
672 2067 760 2130 quae
779 2048 929 2113 tendunt
949 2047 993 2110 ad
1013 2046 1167 2123 caelum;
1191 2055 1229 2109 at
1248 2045 1330 2113 mali
1350 2045 1419 2126 spi·

298 2146 383 2208 ritus
402 2154 486 2208 eunt
504 2145 577 2208 vias
596 2161 683 2225 quae
708 2144 857 2208 tendunt
879 2144 924 2206 ad
946 2141 1125 2205 infernum.
1170 2139 1258 2204 Viae
1276 2138 1419 2206 actuali·

298 2251 352 2304 ter
370 2249 538 2322 apparent
561 2239 595 2302 in
618 2237 679 2302 illo
701 2237 852 2316 mundo;
882 2258 970 2320 quae
993 2237 1099 2300 etiam
1122 2245 1176 2300 est
1195 2255 1310 2312 causa,
1327 2236 1420 2319 quod

299 2331 456 2398 ‘⁴1¹¹viae”
472 2334 506 2396 in
520 2332 639 2396 Verbo
657 2331 854 2414 significent
867 2353 948 2396 vera
963 2353 1050 2416 quae
1067 2333 1198 2396 ducunt
1213 2332 1258 2396 ad
1277 2332 1418 2408 bonum,

297 2439 332 2494 et
351 2429 386 2492 in
404 2429 568 2512 opposito
583 2449 685 2492 sensu
697 2427 784 2492 salsa
799 2448 886 2512 quae
901 2429 1030 2492 ducunt
1049 2427 1093 2492 ad
1113 2426 1260 2492 malum:
1284 2437 1321 2492 et
1339 2427 1419 2496 inde

297 2544 432 2608 quoque
461 2533 527 2600 est,
554 2523 647 2606 quod
673 2521 781 2597 “ire.”
806 2521 1041 2599 “ambulare,”
1070 2531 1106 2588 et
1132 2520 1358 2606 “proficisci’'
1384 2522 1418 2586 in

297 2619 416 2684 Verbo
429 2617 623 2702 significent
639 2618 900 2702 progressiones
915 2615 1086 2682 vitaelm)
1130 2617 1236 2682 Tales
1251 2618 1325 2682 vias
1337 2616 1419 2682 mihi

297 2735 401 2796 saepe
417 2715 533 2778 videre
552 2713 672 2780 datum
688 2723 753 2787 est,
770 2723 807 2778 et
823 2733 958 2798 quoque
974 2714 1099 2778 itiones
1115 2722 1150 2778 et
1166 2712 1419 2778 ambulationes

297 2809 475 2890 spirituum
498 2828 599 2892 super
621 2805 703 2870 illis.
719 2807 825 2872 libere
848 2807 1036 2872 secundum
1059 2803 1257 2872 affectiones
1279 2816 1315 2872 et
1337 2807 1417 2872 inde

297 2903 540 2984 cogitationes.

359 3010 459 3078 591.
490 2993 593 3078 Quod
617 2995 745 3062 malum
764 2997 927 3062 continue
946 2997 1101 3079 exspiret
1120 3005 1155 3061 et
1178 2997 1346 3064 ascendat
1371 3017 1417 3062 ex

297 3091 440 3166 inferno,
454 3100 491 3155 et
507 3092 634 3156 bonum
647 3093 810 3156 continue
823 3095 977 3174 exspiret
990 3103 1026 3158 et
1042 3094 1233 3158 descendat
1248 3115 1293 3156 ex
1306 3094 1415 3169 caelo,

297 3197 350 3252 est
380 3185 459 3268 quia
487 3187 671 3268 spiritualis
690 3186 837 3269 sphaera
865 3189 1056 3252 circumdat
1086 3190 1357 3271 unumquemvis,
1381 3199 1417 3253 et

297 3281 355 3344 illa
374 3279 521 3362 sphaera
539 3279 646 3346 effluit
660 3290 697 3346 et
716 3282 872 3346 exundat
892 3303 937 3346 ex
956 3284 1028 3346 vita
1046 3281 1262 3348 affedtionum
1282 3294 1318 3348 et
1337 3284 1416 3348 inde

297 3375 550 3458 cogitationum
564 3373 624 3454 3(ou
647 3387 684 3441 et
696 3377 776 3458 quia
788 3376 868 3442 talis
880 3379 972 3442 vitae
985 3379 1131 3460 sphaera
1146 3377 1253 3444 effluit
1269 3399 1315 3444 ex
1331 3398 1416 3442 uno·

685 3605 733 3656 [ln
745 3615 844 3648 nemus
855 3607 1030 3659 caunum]

351 3713 432 3782 (mm)
459 3712 550 3798 Quod
564 3714 737 3786 “proficisci
746 3715 762 3738 '⁹
776 3716 805 3771 in
816 3715 917 3773 Verbo
930 3717 1080 3792 significet
1093 3719 1314 3792 progressivum
1328 3719 1415 3786 vitae,

297 3783 435 3840 similiter
450 3785 542 3840 “ue''
559 3787 600 3925 p-
620 3799 698 3856 ³3³5·
717 3800 797 3857 4375.
816 3801 894 3858 5554
913 3791 992 3860 4565.
1011 3791 1090 3858 4882·
1112 3803 1189 3862 5495
1210 3792 1306 3862 56668
1327 3792 1415 3863 56651.

298 3853 375 3924 5996,
391 3853 485 3924 5181[?
499 3855 565 3910 858ι
583 3855 681 3926 ,8348
696 3857 773 3928 8397,
786 3859 865 3926 8457.
879 3861 958 3926 8400,
971 3861 1063 3930 8557).

313 3995 319 4008 .
350 3932 366 3952 ‘¹
375 3923 422 3979 ire
431 3925 448 3946 ”
460 3935 492 3980 et
504 3927 708 3992 “ambulare''
720 3944 789 3982 cum
803 3927 945 3994 Domino,
959 3933 1040 4004 quod
1054 3931 1094 3987 sit
1106 3931 1237 4006 recipere
1249 3933 1342 3990 vitam
1356 3934 1415 4006 spi-

296 3995 443 4057 ntualem.
456 4005 488 4050 et
499 3997 601 4052 vivere
613 4013 682 4052 cum
698 3997 768 4069 Ipso
782 4001 822 4069 (n.
839 4001 945 4070 10567).

349 4073 365 4095 ⁴·
373 4065 536 4124 Ambulare
545 4067 560 4088 ''
572 4069 655 4140 quod
667 4069 707 4126 sit
719 4071 820 4127 vivere
834 4073 875 4140 (ιι.
890 4085 949 4142 519,
965 4085 1040 4142 ¹794·
1053 4073 1133 4141 8457,
1146 4073 1238 4144 8400).

350 4186 415 4256 (nn)
440 4184 530 4258 Quod
546 4188 674 4274 sphaera
688 4190 861 4316 spiritualis,
873 4207 951 4276 quae
966 4203 1012 4248 est
1028 4193 1155 4264 sphaera
1169 4195 1257 4280 vitae.
1271 4195 1373 4282 effluat
1384 4209 1416 4254 et

295 4257 428 4338 exundet
446 4273 483 4312 ex
502 4275 671 4331 unoquovis
720 4277 829 4324 omme,
845 4273 951 4333 sprntu
969 4275 1001 4320 et
1019 4265 1135 4337 angelo.
1154 4276 1186 4321 et
1209 4279 1415 4340 circumstrpet

296 4327 363 4382 rllos
377 4329 418 4398 (ιι.
431 4329 510 4398 4464,
525 4343 601 4400 5579,
615 4344 693 4416 7454,
706 4333 798 4416 8630).

349 4396 548 4540 Qupzdogffipapt
560 4418 597 4456 ex
610 4415 673 4458 vrta
684 4401 876 4458 affessronum
890 4415 921 4460 et
933 4405 1151 4480 cogitationum
1165 4424 1271 4466 eorum
1286 4411 1325 4480 (n.
1337 4410 1414 4481 2489.

379 4541 438 4624 upd
458 4552 620 4598 noscantur
638 4543 770 4616 spiritus.
781 4546 886 4617 quales
903 4557 982 4614 sunt,
997 4550 1036 4606 ad
1055 4550 1239 4618 distantiam,
1254 4567 1291 4608 ex
1309 4567 1413 4608 eorum

296 4611 428 4682 sphaeris
442 4614 482 4682 (n.
499 4613 573 4682 5048,
590 4627 665 4686 ¹0⁵3·
681 4615 756 4686 1316,
774 4619 862 4688 1504).
