3368 5356
284 629 327 696 74
607 627 658 676 DE
682 623 808 677 cnuto
830 625 879 675 ET
902 623 1085 676 lNFERNO·

285 817 376 878 nem,
386 799 658 883 correspondent
674 799 767 862 bono
782 819 828 863 ex
844 818 912 881 quo
928 794 1057 872 veroin,
1075 807 1111 862 et
1128 818 1215 882 quae
1232 817 1252 862 a
1267 797 1404 863 sinistra

285 915 368 960 vero
389 895 482 978 quod
511 915 558 958 ex
586 895 679 958 bono
692 891 733 974 ;l¹i
766 894 894 959 bonum
913 892 992 957 fidei
1021 902 1075 957 est
1104 895 1140 958 in
1168 914 1230 958 sua
1253 895 1405 958 essentia

285 1009 403 1054 verum
423 1011 468 1054 ex
487 990 589 1054 bono.

349 1099 443 1164 119.
475 1085 560 1150 Inde
582 1093 648 1160 est,
668 1085 759 1168 quod
782 1084 817 1148 in
835 1083 955 1150 Verbo
978 1084 1147 1148 Dominus
1169 1083 1283 1166 quoad
1307 1103 1403 1148 amo·

285 1199 356 1245 rem
379 1188 598 1262 comparetur
626 1178 701 1254 soli,
722 1188 758 1244 et
788 1179 900 1262 quoad
924 1178 1025 1242 fidem
1049 1177 1170 1258 iunae;
1205 1188 1241 1242 et
1270 1199 1405 1262 quoque

285 1275 375 1357 quod
389 1293 485 1338 amor
496 1293 516 1336 a
529 1273 679 1337 Domino
691 1274 725 1336 in
736 1274 921 1337 Dominum
934 1271 1146 1355 significetur
1158 1291 1219 1354 per
1232 1277 1253 1306 “
1264 1271 1405 1348 solem,’'

286 1379 321 1434 et
340 1367 424 1432 fides
443 1390 463 1432 a
481 1369 631 1432 Domino
650 1370 684 1431 in
704 1368 890 1432 Dominum
909 1367 1120 1450 significetur
1138 1389 1200 1452 per
1220 1367 1365 1432 “lunam
1377 1368 1404 1448 ;”

286 1472 324 1526 ut
342 1463 377 1526 in
396 1463 618 1546 sequentibus
636 1462 689 1526 his
707 1462 812 1526 locis:

335 1595 416 1646 “Erit
433 1597 479 1645 lux
493 1597 573 1646 lunae
588 1597 656 1645 sicut
673 1595 718 1646 lux
736 1597 820 1653 solis:
843 1597 890 1646 lux
907 1606 996 1646 autem
1015 1597 1081 1646 solis
1098 1597 1149 1647 erit
1166 1595 1298 1661 septupla,
1313 1605 1343 1647 ut
1359 1597 1404 1646 lux

416 1671 520 1725 septem
533 1663 636 1712 dierum
646 1661 660 1682 ''
672 1660 757 1724 (Esai.
770 1677 833 1712 xxx.
848 1661 905 1723 26):

335 1725 501 1790 “Obtegam,
519 1743 579 1777 eum
597 1728 754 1778 exstinxero
772 1737 806 1785 te,
824 1729 921 1785 caelos,
939 1737 966 1777 et
983 1729 1077 1777 strabo
1095 1728 1204 1785 stellss;
1228 1728 1314 1778 solem
1333 1730 1404 1778 nube

417 1793 552 1856 obtegam,
565 1802 592 1843 et
604 1793 669 1842 luna
681 1808 735 1841 non
748 1793 837 1842 lucere
849 1792 929 1842 faciet
940 1793 1027 1841 lucem
1041 1807 1133 1852 suam:
1152 1793 1245 1842 omnia
1259 1793 1405 1843 luminaria

417 1858 484 1908 lucis
498 1859 526 1908 in
544 1858 626 1908 caelis
639 1860 734 1908 arrabo
748 1873 830 1922 super
843 1867 877 1918 te,
889 1868 917 1908 et
930 1859 1001 1908 dabo
1016 1860 1141 1908 tenebras
1155 1873 1237 1922 super
1251 1867 1323 1908 terre
1336 1859 1403 1909 tua”

417 1922 518 1984 (Erech.
530 1925 612 1974 xxxii.
623 1935 645 1984 7,
659 1925 685 1986 8)
696 1939 702 1981 ;

336 1987 550 2039 “obtenebrabo
562 1989 647 2038 solem
661 1991 688 2038 in
701 1998 797 2039 exortu
811 2003 870 2049 suo,
882 1998 910 2038 et
921 1987 986 2038 luna
1000 2003 1056 2038 non
1068 1989 1214 2054 splendere
1224 1989 1305 2039 faciet
1317 1990 1403 2040 lucem

417 2055 516 2104 suam”
528 2055 612 2116 (Erat.
625 2055 678 2104 xiii.
695 2055 751 2116 10);

336 2120 408 2170 “Sol
422 2129 450 2170 et
462 2121 526 2170 luna
537 2121 704 2178 attrabuntur,
716 2129 743 2170 et
757 2119 852 2170 stellae
866 2119 1004 2170 retrahent
1016 2121 1188 2182 splendorem
1201 2133 1278 2170 suum
1289 2135 1308 2178 ς.
1318 2157 1325 2171 .
1334 2157 1341 2171 .
1351 2121 1404 2171 ‚sol

418 2195 537 2236 vertetur
555 2187 581 2234 in
601 2188 734 2245 tenebras,
751 2194 779 2235 et
796 2185 861 2234 luna
878 2185 905 2234 in
923 2187 1084 2248 sanguinem
1093 2184 1108 2206 ’'
1124 2185 1205 2250 (Joel.
1224 2187 1250 2237 ii.
1265 2199 1289 2246 2,
1305 2199 1343 2246 to,
1356 2199 1404 2247 31;

417 2266 475 2314 cap.
488 2253 523 2302 iv.
537 2248 618 2315 [ΒΑ.
628 2247 677 2316 iit]
693 2251 750 2312 15);

338 2316 405 2368 “Sol
416 2314 504 2367 ladius
515 2328 558 2366 est
570 2317 647 2380 niger
656 2317 726 2366 sicut
734 2331 828 2368 sarem
840 2316 952 2378 pilosus,
964 2324 992 2364 et
1003 2315 1067 2366 lune
1075 2313 1149 2366 ledia
1156 2325 1199 2366 est
1207 2317 1276 2366 sieut
1285 2318 1404 2379 anguis,

418 2393 445 2431 et
462 2383 568 2432 stellae.
579 2383 744 2432 .ceciderunt
755 2383 783 2431 in
796 2391 895 2430 terram
904 2381 918 2401 '¹
931 2381 1017 2443 (Apoc.
1031 2382 1067 2430 ui.
1082 2379 1133 2446 12[,
1147 2377 1220 2446 13]);

338 2445 454 2498 “Statim
470 2457 532 2509 post
543 2445 715 2496 affiidlionem
728 2447 830 2496 dierum
844 2447 956 2496 istorum
969 2448 1011 2496 sol
1025 2447 1218 2506 obscurabitur,
1230 2455 1257 2496 et
1270 2447 1336 2496 luna
1349 2463 1403 2497 non

418 2513 492 2562 dabit
504 2513 590 2562 lucem
603 2527 687 2572 susm,
699 2522 727 2562 et
739 2513 833 2563 stellae
846 2513 943 2562 cadent
954 2512 988 2561 de
999 2513 1075 2561 caelo
1083 2511 1097 2532 ”
1109 2511 1218 2574 (Matri.
1229 2513 1301 2563 xxiv.
1314 2513 1371 2576 api:

288 2641 325 2697 et
347 2632 438 2696 alibi.
483 2632 523 2695 ln
545 2631 612 2695 illis
635 2632 721 2695 locis
744 2651 805 2714 per
824 2631 986 2695 “solem'’
1004 2631 1217 2713 significatur
1238 2651 1344 2707 amor,
1369 2641 1404 2696 et

288 2747 350 2811 per
373 2727 546 2791 “lunam'’
569 2726 664 2802 fides,
689 2735 725 2791 et
749 2747 810 2808 per
830 2726 1004 2790 “stellas”
1022 2729 1241 2808 cognitiones
1263 2728 1345 2791 boni
1368 2737 1404 2791 et

287 2822 359 2886 veri
373 2843 432 2903 itui
463 2842 550 2904 quae
572 2821 733 2885 dicuntur
755 2822 869 2897 attari,
894 2822 1053 2885 amittere
1077 2821 1198 2896 lucem,
1223 2829 1259 2886 et
1282 2822 1405 2886 cadere

288 2917 332 2980 de
351 2915 458 2991 caelo,
479 2935 556 2978 cum
580 2935 649 2978 non
671 2915 818 2997 amplius
836 2925 926 2980 sunt.
972 2914 1074 2996 Quod
1094 2915 1262 2979 Dominus
1285 2926 1323 2980 ut
1346 2913 1405 2980 Sol

287 3011 322 3074 in
345 3010 444 3074 caelo
466 3021 642 3093 appareat,
663 3019 804 3074 constat
826 3031 960 3092 quoque
983 3009 1028 3073 ab
1058 3009 1139 3092 lpso
1161 3010 1406 3074 transformato

288 3125 405 3171 coram
425 3105 537 3180 Petro,
556 3105 697 3186 Jacobo,
717 3113 753 3168 et
769 3104 938 3186 Johanne,

457 3240 538 3305 Quod
549 3239 633 3290 iacies
646 3239 735 3302 Ipsius
747 3239 853 3290 iulrerit
864 3240 933 3290 sicut
945 3240 987 3289 sol
1000 3237 1108 3301 (March.
1120 3240 1184 3290 xvii.
1197 3237 1245 3302 slt'

287 3365 336 3429 sic
356 3364 524 3428 Dominus
542 3365 634 3427 visus
653 3373 706 3427 est
724 3363 897 3445 discipulis
917 3363 994 3438 illis,
1015 3382 1092 3428 cum
1111 3360 1268 3427 subdutii
1290 3365 1311 3426 a
1329 3383 1405 3427 cor·

287 3479 371 3541 pore
387 3469 496 3533 erant,
511 3468 546 3522 et
563 3459 595 3522 in
615 3457 691 3521 luce
707 3457 803 3522 caeli.
848 3459 934 3521 Inde
950 3467 1033 3532 erat,
1051 3459 1140 3540 quod
1157 3458 1299 3540 antiqui,
1316 3458 1405 3540 apud

288 3573 374 3636 quos
397 3553 545 3616 ecclesia
567 3553 863 3635 repraesentativa
884 3553 956 3628 fuit,
980 3555 1148 3617 verterint
1171 3545 1304 3628 faciem,
1328 3571 1405 3617 cum

288 3649 322 3710 in
346 3648 472 3711 Divino
491 3648 587 3712 cultu
609 3658 717 3724 erant,
734 3647 781 3711 ¹ad
805 3648 915 3720 solem
938 3649 972 3711 in
996 3649 1149 3712 oriente:
1181 3669 1226 3711 ex
1249 3647 1317 3711 illis
1339 3657 1405 3723 est,

288 3742 380 3825 quod
400 3742 540 3824 templis
559 3742 718 3806 dederint
737 3739 913 3824 aspedtum
932 3762 1050 3805 versus
1069 3743 1249 3805 orientem.

351 3849 447 3900 12⁰.
478 3835 637 3918 Quantus
666 3846 702 3899 et
732 3835 842 3919 qualis
865 3836 1010 3900 Divinus
1033 3855 1129 3899 amor
1155 3844 1221 3909 est,
1246 3843 1406 3899 constare

289 3939 407 4012 potest
426 3951 472 3993 ex
490 3932 749 4013 comparatione
765 3951 842 3994 cum
862 3931 935 3993 sole
954 3930 1081 4005 mundi,
1099 3931 1189 4014 quod
1206 3929 1405 3993 ardentissi-

290 4041 376 4100 mus,
402 4033 438 4088 et
467 4025 495 4088 si
525 4025 665 4089 credere
687 4023 812 4101 velitis,
837 4025 948 4090 multo
971 4024 1165 4088 ardentior:
1199 4032 1407 4107 quapropter

684 4230 724 4284 (u
736 4241 834 4274 amun
845 4231 1008 4285 mmm)

344 4334 383 4404 (r)
401 4333 603 4406 Quodquaea
615 4335 722 4390 dextro
732 4335 826 4390 latere
836 4334 967 4391 hominis
977 4345 1055 4396 sunt.
1065 4351 1097 4390 se
1107 4333 1283 4391 referantsd
1293 4335 1406 4390 bonum

291 4421 328 4460 ex
341 4421 524 4476 quoverum,
534 4415 565 4460 et
577 4421 654 4476 quae
667 4422 685 4461 a
697 4405 819 4461 sinistro
829 4407 867 4460 ad
879 4423 983 4460 verum
996 4422 1034 4460 ex
1046 4407 1127 4462 bono
1142 4407 1182 4474 (n.
1195 4417 1274 4475 9495,
1289 4405 1381 4475 9604).

345 4516 408 4586 (αα)
428 4514 517 4588 Quod
534 4515 684 4572 “stellae''
699 4526 731 4572 et
746 4515 889 4572 “sidera’'
905 4515 935 4570 in
954 4515 1056 4572 Verbo
1074 4513 1243 4588 significent
1257 4515 1406 4588 comitio·

291 4601 345 4642 nes
358 4585 430 4642 boni
442 4595 473 4643 et
484 4585 547 4642 veri
562 4593 602 4656 (n.
616 4599 694 4657 2495,
708 4587 785 4657 2849,
798 4585 890 4656 4697).
