3382 5358
347 671 586 739 CONJUNCTIO
603 673 719 726 canu
735 673 815 726 CUM
835 671 990 724 HOMINE
1008 671 1079 722 PER
1097 671 1262 722 VERBUM.
1312 657 1367 724 181

316 840 422 926 306·
452 840 661 908 lniormatus
675 859 750 908 sum
765 863 785 908 e
803 841 911 918 caelo,
930 842 1021 924 quod
1040 841 1281 926 antiquissimis
1298 841 1369 907 iue-

252 932 296 997 rit
327 935 530 1000 immediata
559 935 736 1011 revelatio,
761 936 920 1017 quoniam
947 936 1110 1000 interiora
1132 953 1248 998 eorum
1272 945 1370 999 erant

249 1049 348 1096 versa
372 1028 416 1096 ad
450 1027 596 1106 caelum,
617 1041 654 1097 et
682 1030 774 1112 quod
804 1027 884 1094 inde
913 1026 1109 1110 conjunctio
1133 1027 1271 1092 Domini
1294 1047 1370 1094 cum

249 1125 399 1188 humano
418 1141 546 1206 genere
565 1136 646 1188 tunc
666 1123 787 1188 suerit:
818 1131 899 1206 post
916 1121 1053 1196 illorum
1077 1130 1191 1188 autem
1215 1133 1371 1208 tempora

248 1219 340 1302 quod
369 1237 439 1282 uon
467 1218 547 1282 talis
580 1217 781 1282 immediata
809 1215 976 1284 revelatio
1005 1215 1115 1291 luerit,
1135 1217 1196 1285 sed
1220 1220 1372 1284 mediata

249 1333 309 1394 per
331 1311 676 1396 correspondentiam
709 1311 821 1376 omnis
843 1311 934 1374 enim
957 1311 1077 1374 horum
1097 1310 1208 1376 cultus
1227 1311 1371 1380 Divinus

248 1408 433 1474 constabat
455 1428 502 1472 ex
525 1406 613 1488 illis;
646 1406 736 1472 unde
755 1405 921 1472 ecclesiae
936 1405 1026 1470 illius
1042 1408 1206 1490 temporis
1227 1417 1371 1476 vocatae

193 1507 202 1522 '
248 1512 328 1574 sunt
343 1501 513 1568 ecclesiae
538 1501 874 1585 repraesentativae;
908 1500 1064 1566 sciebant
1083 1501 1173 1564 enim
1193 1511 1274 1566 tunc
1290 1502 1371 1586 quid

248 1597 555 1679 correspondentia
582 1605 619 1662 et
651 1595 731 1680 quid
762 1595 1046 1678 repraesentatio,
1070 1604 1106 1660 et
1139 1595 1231 1678 quod
1257 1598 1372 1662 omnia

248 1711 335 1773 quae
358 1691 391 1756 in
415 1691 515 1756 terris
541 1699 620 1754 sunt
645 1689 956 1774 corresponderent
978 1687 1209 1772 spiritualibus
1227 1712 1313 1774 quae
1335 1692 1371 1756 in

247 1784 347 1850 caelo
364 1795 400 1850 et
418 1785 452 1848 in
471 1783 628 1862 ecclesia,
651 1805 722 1862 seu,
744 1785 835 1870 quod
853 1785 954 1861 idem,
973 1797 1272 1868 repraesentarent
1290 1785 1369 1866 illa;

248 1899 352 1961 quare
368 1878 546 1952 naturalia,
565 1899 652 1960 quae
669 1891 768 1944 erant
783 1891 929 1947 externa
942 1880 1055 1944 cultus
1067 1899 1194 1954 eorum,
1208 1882 1370 1946 inservie-

248 1973 332 2040 bant
350 1973 417 2038 illis
436 1994 499 2056 pro
517 1973 640 2038 mediis
660 1974 837 2058 cogitandi
858 1975 1090 2056 spiritualiter,
1107 1977 1156 2040 ita
1170 1994 1247 2040 cum
1263 1997 1369 2058 ange·

248 2067 298 2132 lis.
343 2067 530 2152 Postquam
551 2069 698 2134 scientia
717 2069 1097 2150 correspondentiarum
1115 2081 1151 2134 et
1173 2091 1369 2154 repraesen-

248 2163 418 2226 tationum
442 2161 641 2226 oblitterata
672 2157 744 2240 fuit,
769 2171 851 2230 tunc
875 2163 1029 2242 Verbum
1052 2163 1282 2246 conscriptum
1304 2175 1369 2242 est,

248 2258 281 2320 in
310 2277 379 2339 quo
412 2275 531 2320 omnes
556 2276 659 2323 voces
687 2265 723 2320 et
752 2278 871 2322 sensus
894 2279 1017 2324 vocum
1046 2259 1370 2340 correspondentiae

247 2361 338 2427 sunt,
358 2352 540 2416 continent
572 2351 618 2414 sic
648 2370 787 2420 sensum
811 2352 1023 2435 spiritualem
1047 2375 1107 2418 seu
1129 2356 1312 2428 internum,
1335 2355 1370 2418 in

248 2463 315 2525 quo
340 2453 420 2514 sunt
440 2441 578 2526 angeli;
614 2465 718 2529 quare
748 2464 825 2510 cum
848 2446 955 2512 homo
982 2445 1069 2530 legit
1092 2443 1255 2524 Verbum,
1276 2455 1312 2510 et
1336 2445 1370 2512 id

249 2537 393 2620 percipit
415 2537 604 2604 secundum
629 2559 768 2604 sensum
796 2539 936 2606 litterae
959 2561 1019 2608 seu
1041 2549 1231 2616 externum,
1255 2539 1371 2622 angeli

248 2629 281 2695 id
300 2634 490 2716 percipiunt
510 2634 699 2699 secundum
720 2653 857 2700 sensum
874 2636 1046 2700 internum
1061 2656 1121 2702 seu
1138 2634 1349 2718 spiritualem
1356 2653 1368 2712 ;

249 2728 360 2792 omnis
386 2731 478 2794 enim
503 2729 671 2810 cogitatio
694 2729 896 2810 angelorum
915 2741 970 2796 est
997 2729 1189 2814 spiritualis,
1209 2737 1246 2794 at
1274 2729 1370 2810 cogi-

249 2823 336 2886 tatio
361 2822 510 2888 hominis
545 2832 599 2888 est
638 2823 832 2902 naturalis3.
864 2825 1096 2908 cogitationes
1124 2823 1203 2898 illae
1232 2823 1372 2906 quidem

248 2917 403 2982 diversae
421 2928 601 3002 apparent,
623 2919 685 2984 sed
714 2940 820 3002 usque
841 2939 945 2984 unum
964 2923 1043 2984 sunt
1071 2919 1150 3002 quia
1167 2937 1369 3013 correspon-

248 3011 342 3076 dent.
387 3011 472 3077 lnde
489 3023 554 3088 est,
574 3011 666 3096 quod
684 3024 867 3096 postquam
884 3013 989 3080 homo
1007 3035 1044 3078 se
1062 3014 1208 3076 removit
1224 3032 1244 3078 a
1260 3011 1370 3088 caelo,

248 3115 283 3170 et
305 3107 397 3188 rupit
419 3106 605 3182 vinculum,
625 3127 646 3172 a
679 3106 830 3172 Domino
855 3107 1026 3190 provisum
1049 3109 1094 3172 sit
1116 3105 1264 3172 medium
1287 3123 1370 3170 con·

245 3199 428 3282 junctionis
446 3202 533 3268 caeli
554 3221 632 3268 cum
651 3201 789 3270 homine
811 3223 871 3286 per
895 3201 1059 3274 Verbum.

309 3310 409 3381 307·
440 3295 626 3380 Quomodo
651 3295 870 3380 conjungitur
894 3295 1028 3362 caelum
1050 3315 1127 3362 cum
1148 3294 1287 3361 homine
1310 3313 1372 3378 pet

248 3389 411 3467 Verbum,
431 3392 534 3458 velim
554 3413 600 3456 ex
621 3391 789 3476 aliquibus
809 3393 893 3456 locis
912 3392 991 3458 inde
1009 3391 1187 3456 illustrare.
1233 3388 1371 3452 Descri-

248 3487 338 3554 bitur
357 3486 456 3558 Nova
477 3486 723 3568 Hierosolyma
742 3487 776 3555 in
795 3486 1005 3568 Apocalypsi
1020 3486 1073 3550 his
1090 3485 1224 3550 verbis:

297 3641 380 3693 “Vidi
391 3645 494 3694 melum
507 3659 609 3694 novum
629 3655 657 3698 et
676 3657 774 3697 terram
788 3663 895 3706 novam,
909 3657 936 3698 et
955 3645 1028 3710 prius
1047 3645 1150 3698 caelum
1164 3651 1191 3693 et
1208 3643 1282 3706 prior
1298 3653 1371 3693 terra

377 3711 490 3760 abierat.
501 3747 507 3760 .
517 3748 523 3759 .
534 3747 541 3760 .
553 3728 559 3760 :
578 3721 617 3760 ec.
628 3709 695 3761 ‚vidi
712 3709 834 3762 unciam
850 3713 988 3762 civitatem
1007 3709 1238 3773 Hierosolymam.
1249 3709 1370 3758 deseen-

376 3775 484 3826 dentem
497 3789 514 3828 a
527 3775 585 3826 Deo
597 3791 613 3828 e
625 3777 745 3830 caelo...
756 3815 775 3830 ..
795 3777 898 3828 Civitas
915 3777 1140 3842 quadrangularis
1159 3785 1222 3832 erat,
1235 3772 1294 3836 ejus
1312 3773 1370 3822 lon-

376 3839 469 3902 gitudo
481 3852 581 3906 quanta
592 3841 704 3894 latitudo
714 3857 720 3904 ;
739 3843 789 3894 οῖ’·
798 3845 912 3908 angelus
921 3843 937 3867 ⁴⁸
947 3857 1057 3891 mensus
1070 3851 1111 3890 est
1120 3841 1224 3890 calamo
1233 3837 1369 3887 civitatens

376 3903 411 3954 ad
431 3907 580 3956 stadiorum
592 3907 733 3960 duodecim
754 3911 855 3971 millia;
882 3909 1031 3973 longitudo.
1046 3908 1159 3958 latitudo
1176 3916 1204 3956 et
1223 3905 1366 3954 altitudo..

377 3973 510 4035 aequales.
547 3974 580 4028 Et
598 3991 708 4029 mensur
722 3988 764 4030 est
784 3994 889 4030 murum
906 3977 966 4040 ejus
986 3985 1093 4026 centnm
1112 3973 1288 4039 quadraglnta
1306 3985 1370 4036 qua·

376 4041 593 4096 tuorcubitorum
605 4061 611 4102 ς
631 4061 758 4096 mensura
769 4047 887 4096 hominis
899 4055 1018 4110 quaeest
1029 4043 1118 4107 angeli
1129 4061 1148 4092 :.
1159 4049 1227 4092 ,erat
1236 4033 1371 4116 strudlura

376 4105 445 4152 muri
463 4121 497 4156 ex
514 4109 620 4173 jaspide
635 4125 640 4168 ;
661 4112 719 4174 ipsa
732 4127 797 4161 vero
811 4113 905 4161 civitas
919 4125 1013 4160 aurum
1029 4125 1132 4174 purum,
1147 4119 1174 4158 et
1192 4107 1288 4156 similis
1299 4113 1370 4152 vitro

376 4183 457 4232 puro:
475 4184 502 4222 et
526 4175 704 4226 fundamenta
727 4177 909 4228 muri..omni
931 4177 1020 4239 lapide
1043 4177 1162 4238 pretioso
1183 4182 1286 4223 ornata.

376 4233 526 4293 Duodecim
545 4248 639 4306 portae
658 4243 800 4294 drtodecim
818 4243 979 4306 margaritae
994 4251 1071 4292 erant
1084 4249 1185 4302 ;....et
1201 4239 1290 4304 platea
1306 4235 1369 4286 civi·

301 4486 377 4544 lude
389 4502 444 4551 est.
454 4489 512 4549 nisi
522 4489 600 4548 ioret
609 4491 734 4546 ecclesia
748 4491 799 4546 ubi
809 4491 941 4546 Verbum
955 4499 986 4546 et
999 4505 1050 4559 pet
1065 4486 1093 4544 ld
1107 4487 1257 4544 Dominus
1268 4498 1369 4555 notus,

247 4557 356 4698 :2⁴23
370 4559 487 4622 tellure,
504 4561 613 4632 periret
633 4560 682 4616 hic
700 4576 796 4632 genus
816 4559 981 4618 humanum
998 4561 1037 4624 (a.
1056 4559 1118 4626 468,
1133 4557 1194 4628 637,
1211 4571 1271 4627 931,
1288 4569 1369 4628 4545,
