3382 5358
281 657 340 707 120
602 657 654 708 DE
676 652 803 706 cmo
826 655 876 705 ET
899 655 1081 706 INFERNO.

273 847 320 893 ex
346 827 469 894 intimo
496 827 605 905 caelo,
633 827 721 894 inlia
745 826 824 892 illas
848 845 937 911 quae
960 849 1005 892 ex
1028 829 1193 905 secundo,
1220 829 1397 897 intrabas

272 924 395 988 iterum
414 943 502 1006 quae
521 945 567 1006 ex
589 922 723 999 ultimo,
742 923 845 988 etsie
864 923 984 1000 ubivis,
1004 924 1075 988 sive
1094 924 1140 988 sit
1163 925 1197 988 in
1219 925 1305 990 locis
1324 929 1396 991 edi·

273 1019 318 1083 tis
336 1020 408 1084 sive
431 1019 465 1082 in
485 1039 554 1083 non
573 1019 695 1085 editis:
719 1019 869 1082 societas
888 1019 1069 1102 superioris
1087 1019 1174 1084 caeli
1197 1041 1266 1086 nun
1290 1022 1397 1087 habet

273 1115 619 1180 communicationem
631 1133 710 1179 cum
726 1115 896 1179 societate
908 1115 1073 1179 inferioris
1089 1135 1191 1200 quam
1207 1135 1268 1198 per
1284 1137 1396 1182 corre-

273 1212 497 1293 spondentias
515 1209 686 1294 (videatur
704 1229 817 1292 supra,
839 1231 871 1274 ιι.
889 1209 975 1294 ιοο),
995 1220 1032 1275 et
1050 1213 1319 1278 communicatio
1336 1235 1397 1297 per

273 1307 596 1390 correspondentias
614 1316 668 1370 est
688 1327 775 1390 quae
794 1315 938 1371 vocatur
960 1305 1117 1370 influxus.

336 1401 437 1468 2⁰8·
467 1400 693 1484 Conjungitur
705 1421 808 1466 unum
824 1402 959 1466 caelum
974 1421 1052 1466 curn
1069 1401 1193 1479 altero,
1211 1423 1270 1467 seu
1286 1404 1395 1468 socie·

272 1507 328 1561 tas
347 1498 444 1560 unius
462 1497 549 1560 caeli
571 1515 649 1561 curn
672 1498 842 1561 societate
861 1497 1000 1561 alterius
1023 1518 1043 1559 a
1065 1497 1142 1562 solo
1161 1498 1313 1563 Domino
1336 1519 1397 1583 per

273 1591 437 1656 influxum
456 1591 654 1656 immediate
677 1601 713 1655 et
736 1593 898 1667 mediate,
919 1592 1119 1656 immediate
1137 1611 1158 1656 s
1180 1591 1224 1657 Se
1248 1594 1339 1676 Ipso,
1357 1605 1396 1660 et

273 1689 424 1754 mediate
443 1707 502 1770 per
517 1687 633 1751 caelos
647 1689 838 1769 superiores
854 1687 972 1754 ordine
989 1689 1025 1751 in
1043 1687 1261 1753 inferiorem)
1307 1689 1396 1772 Quia

273 1781 470 1865 conjunctio
487 1781 659 1846 caelorum
680 1799 740 1864 per
755 1781 920 1846 influxum
938 1793 992 1848 est
1009 1803 1031 1846 a
1049 1783 1126 1848 solo
1142 1783 1302 1861 Domino,
1317 1787 1396 1850 ideo

272 1887 604 1960 praecaveturquam
618 1877 780 1953 maxime,
792 1897 834 1942 ne
844 1877 964 1960 aliquis
975 1878 1117 1960 angelus
1127 1881 1307 1961 superioris
1316 1901 1394 1946 cae-

272 1973 296 2036 li
308 1973 478 2054 despiciat
496 1973 530 2034 in
547 1972 751 2036 societatem
766 1973 942 2048 inferioris,
957 1983 992 2038 et
1012 1973 1171 2057 loquatur
1187 1995 1264 2039 curn
1281 1975 1394 2060 aliquo

272 2069 337 2132 ibi:
371 2077 410 2132 ut
440 2068 585 2150 primum
607 2067 672 2132 hoc
696 2066 746 2144 fit,
770 2069 970 2152 deprivatur
992 2069 1138 2152 angelus
1160 2071 1395 2154 intelligentia

272 2173 308 2228 et
331 2163 501 2245 sapientia
518 2183 588 2226 sua.
632 2163 775 2228 Dicetur
793 2165 899 2228 etiam
918 2183 1042 2228 causa:
1067 2166 1248 2248 unicuique
1266 2168 1394 2249 angelo

272 2269 352 2322 sunt
365 2268 436 2322 tres
451 2258 577 2340 gradus
589 2257 692 2335 vitae,
705 2260 793 2323 sicut
806 2271 886 2322 sunt
900 2270 970 2323 tres
982 2260 1109 2341 gradus
1121 2260 1228 2338 caeli;
1246 2259 1324 2338 illis,
1338 2265 1394 2345 qui

239 2341 242 2348 ’
272 2353 307 2416 in
325 2353 450 2417 intimo
468 2352 566 2416 caelo
584 2362 675 2427 sunt,
694 2363 748 2418 est
767 2355 891 2418 tertius
909 2375 970 2417 seu
988 2355 1129 2418 intimus
1147 2357 1275 2436 gradus
1293 2375 1392 2439 aper-

272 2458 338 2524 tus,
355 2468 395 2512 ac
412 2447 581 2512 secundus
596 2456 632 2512 et
648 2448 774 2530 primus
785 2448 914 2528 clausi;
937 2449 1015 2524 illis,
1030 2451 1086 2532 qui
1101 2451 1136 2513 in
1152 2451 1267 2515 medio
1282 2453 1391 2528 caelo,

272 2553 326 2607 est
344 2543 513 2606 secundus
532 2542 660 2624 gradus
678 2552 827 2624 apertus,
846 2563 887 2607 sc
911 2545 1040 2625 primus
1062 2554 1098 2609 et
1122 2545 1245 2610 tertius
1263 2547 1392 2628 clausi3

271 2647 308 2702 et
326 2637 405 2714 illis,
426 2638 482 2720 qui
501 2637 534 2700 in
554 2636 676 2700 ultimo
694 2637 793 2701 caelo
811 2648 903 2714 sunt,
923 2648 978 2703 est
1002 2640 1129 2721 primus
1148 2642 1276 2723 gradm
1294 2662 1392 2724 aper·

271 2742 338 2809 tus,
355 2751 395 2797 ac
411 2733 582 2796 secundus
597 2741 633 2796 et
649 2734 771 2796 tertius
784 2733 909 2796 clausi:
934 2744 973 2798 ut
992 2736 1136 2816 primum
1152 2737 1268 2820 itaque
1283 2757 1391 2820 ange-

270 2827 323 2891 lus
341 2829 435 2892 tertii
454 2827 542 2890 caeli
560 2827 708 2910 despicit
730 2829 765 2890 in
788 2829 993 2893 societatem
1013 2833 1165 2908 secundi,
1186 2841 1222 2896 et
1244 2833 1393 2916 loquitur

269 2941 347 2986 cum
366 2923 481 3006 aliquo
504 2923 561 2999 ibi,
581 2922 751 2986 clauditur
769 2925 891 2987 tertius
913 2925 985 3006 ejus
1008 2927 1157 3008 gradus;
1185 2949 1253 3012 quo
1275 2929 1392 2994 clauso

268 3019 410 3082 orbatur
438 3039 500 3084 sua
525 3019 706 3100 sapientia,
730 3037 809 3082 nam
839 3020 873 3083 in
902 3022 1008 3084 tertio
1031 3023 1141 3104 gradu
1163 3023 1292 3088 residet
1318 3022 1391 3104 ejus

268 3115 446 3195 sapientia,
464 3124 500 3179 et
520 3113 614 3178 nulla
631 3115 664 3178 ei
682 3124 736 3178 est
754 3115 957 3180 insecundo
975 3127 1011 3182 et
1031 3119 1150 3199 primo.
1197 3117 1295 3182 Haec
1311 3128 1391 3183 sunt

267 3227 354 3292 quae
373 3207 613 3291 intelliguntur
632 3229 692 3290 per
708 3209 847 3274 Domini
865 3211 970 3275 verba
989 3211 1080 3294 apud
1098 3211 1312 3276 Matthaeune
1323 3233 1337 3276 .·

316 3347 331 3370 ‘⁸
342 3345 394 3410 Qui
406 3346 433 3395 in
447 3341 520 3395 tedio
532 3355 581 3405 est,
595 3361 629 3394 ne
642 3347 789 3396 descendat
800 3346 834 3396 ad
846 3347 1032 3410 accipiendum
1045 3349 1117 3412 quod
1130 3357 1172 3398 est
1184 3349 1211 3398 in
1225 3350 1308 3398 domo
1320 3361 1387 3399 sua:

396 3412 649 3540 ειιιὲιιῃῇιιέὲιίινιςῐῗ
660 3420 716 3540 ¹eges,
733 3426 768 3463 ne
782 3421 932 3463 revertatur
949 3423 1022 3464 retro
1036 3415 1070 3464 ed
1083 3414 1270 3478 accipiendum
1286 3423 1389 3464 vestan

266 3590 314 3656 Et
332 3592 424 3674 apud
442 3591 567 3656 Lucam
581 3613 594 3656 .·

314 3705 331 3728 “
341 3701 374 3753 Ιιι
389 3703 435 3752 illo
449 3703 493 3753 die
507 3704 551 3767 qui
570 3703 597 3753 ln
612 3699 685 3754 tec'to
698 3704 787 3762 luerit,
800 3713 827 3754 et
844 3705 981 3768 vaccejos
996 3705 1024 3754 in
1038 3706 1129 3764 domo,
1144 3721 1178 3755 ne
1192 3705 1340 3756 descendet
1353 3707 1388 3756 ad

396 3769 546 3818 tollendum
559 3784 606 3818 ea:
625 3771 708 3832 etqui
724 3771 750 3820 in
763 3785 838 3833 agro,
852 3785 907 3820 non
920 3781 1071 3821 revertatur
1082 3772 1117 3821 ad
1130 3781 1192 3834 post
1204 3786 1250 3822 se:
1269 3786 1389 3822 memen-

395 3843 452 3884 tote
464 3835 558 3885 uxoris
571 3833 631 3884 Loci
637 3835 653 3856 ”
665 3833 739 3900 (xvii.
753 3849 792 3897 31,
806 3835 856 3900 ³2)-

327 3963 431 4031 2⁰9.
461 3949 540 4014 Non
557 3951 657 4014 datur
673 3951 820 4014 influxus
839 3973 858 4016 e
878 3953 983 4016 caelis
1002 3953 1214 4017 inferioribus
1233 3954 1266 4017 in
1286 3973 1387 4034 supe-

219 4127 226 4140 ·
263 4044 379 4120 riores,
392 4045 548 4127 quiahoc
562 4055 684 4110 contra
694 4047 847 4110 ordinem
861 4057 926 4124 est,
939 4047 999 4112 sed
1012 4069 1031 4114 e
1043 4047 1148 4114 caelis
1160 4049 1387 4132 superioribus

669 4245 992 4300 (ammaum)

318 4347 359 4415 (q)
386 4344 476 4418 Quod
497 4346 627 4402 influxus
646 4347 685 4403 sit
704 4349 897 4405 immediatus
915 4367 934 4405 a
953 4349 1095 4414 Domino,
1114 4360 1145 4407 et
1164 4351 1314 4408 mediatos
1332 4367 1386 4423 per

262 4417 379 4471 caelum
395 4419 435 4485 (n.
448 4417 527 4487 6063,
539 4419 557 4472 6
575 4430 619 4484 07,
631 4419 711 4486 6472,
724 4421 804 4490 9682,
817 4420 910 4490 9683).
1272 4451 1273 4454 ¹

265 4562 294 4624 (n
316 4485 406 4612 guod
421 4488 550 4544 influxus
593 4490 687 4544 omini
701 4491 893 4547 immediatus
905 4492 946 4547 sit
959 4492 989 4546 in
1001 4493 1137 4548 omniurn
1150 4493 1387 4566 singularissima

356 4559 397 4628 5⁸.
411 4558 580 4626 64744478.
591 4560 669 4628 8717·
686 4561 777 4630 8728i·

317 4627 362 4686 De
376 4630 509 4686 mediato
523 4630 636 4686 influxu
652 4631 774 4688 Domini
788 4649 841 4706 per
852 4635 952 4690 caelos
966 4637 1007 4698 (n.
1019 4635 1099 4700 4067.
1113 4634 1191 4704 698².
1204 4635 1283 4707 ⁶9⁸5.
1293 4635 1375 4702 ⁶996)
