3408 5358
601 651 651 702 os
674 651 870 717 couJucus
892 651 934 702 1u
956 651 1092 704 cusan.
1345 658 1405 726 ²³5

349 817 445 903 378.
476 820 588 884 Amor
611 821 812 904 conjugialis
835 841 899 888 nec
923 822 1025 888 datur
1046 825 1137 888 inter
1159 823 1259 888 binos
1283 825 1339 906 qui
1362 845 1423 888 eu¹

286 917 422 980 diuersa
440 917 607 999 religione
626 929 717 993 sunt,
734 920 896 1002 quo-niam
914 939 1031 982 verum
1051 921 1149 982 unius
1172 939 1242 983 non
1260 939 1407 984 concor·

286 1013 347 1076 dat
370 1031 448 1076 cunt
471 1013 564 1076 bono
586 1012 740 1089 alterius,
760 1034 800 1077 ac
825 1014 894 1078 duo
912 1014 1091 1080 dissimilia
1112 1024 1150 1078 et
1172 1015 1408 1078 discordantia

286 1128 355 1172 non
375 1127 477 1170 unam
497 1118 649 1172 mentem
669 1129 715 1172 ex
738 1109 870 1172 duabus
889 1110 1002 1174 facere
1021 1108 1178 1192 possunt,
1199 1120 1408 1192 quapropter

285 1205 383 1286 origo
405 1204 531 1266 amon's
554 1203 689 1268 illorum
713 1223 781 1268 non
804 1205 933 1288 aliquid
956 1225 1002 1268 ex
1026 1205 1194 1288 spirituali
1218 1207 1348 1284 trabit3
1378 1207 1407 1270 si

285 1299 490 1363 cohabitant
513 1308 549 1363 et
573 1301 799 1375 concordant,
823 1311 879 1364 est
902 1301 1014 1364 solum
1037 1321 1082 1364 ex
1106 1303 1217 1365 causis
1241 1299 1406 1364 naturali·

284 1392 395 1458 husu>
440 1393 497 1458 Ex
514 1394 579 1458 hac
595 1414 699 1458 causa
715 1395 749 1458 in
766 1395 871 1458 caelis
886 1397 1063 1459 sociantur
1075 1395 1233 1478 conjugia
1245 1415 1322 1460 cum
1339 1395 1406 1458 illis

284 1491 339 1572 qui
356 1490 446 1554 intra
462 1491 668 1554 societatem
685 1499 777 1564 sunt,
794 1491 874 1573 quia
888 1491 923 1553 in
940 1491 1040 1554 simili
1057 1491 1149 1554 bono
1167 1501 1203 1554 et
1219 1511 1301 1554 vero
1314 1500 1404 1564 sunt,

284 1605 353 1648 non
373 1595 490 1649 autern
509 1603 586 1649 cum
605 1584 672 1648 illis
695 1587 752 1667 qui
775 1595 877 1648 extra
900 1587 1118 1650 societatem.
1164 1584 1266 1668 Quod
1285 1605 1405 1650 omnes

283 1681 338 1764 qui
361 1681 407 1746 ibi
425 1681 517 1745 intra
535 1681 739 1744 societatem
757 1689 848 1756 sunt,
868 1681 903 1744 in
926 1681 1028 1744 simili
1047 1681 1140 1744 bono
1160 1692 1198 1746 et
1221 1703 1304 1746 vero
1323 1683 1404 1756 sint,

282 1797 322 1841 nc
342 1776 501 1840 differant
518 1775 649 1844 abillis
667 1777 723 1858 qui
741 1785 855 1852 extra,
872 1777 1032 1840 rideatur
1050 1795 1151 1858 supra
1169 1776 1217 1859 (n.
1234 1793 1287 1856 41,
1305 1775 1405 1859 seq.).

284 1872 360 1938 Hoc
376 1893 510 1956 quoque
523 1881 822 1954 repraesentatum
836 1881 890 1936 eet
907 1871 996 1954 apud
1009 1882 1151 1952 gentem
1166 1872 1404 1946 Israeliticam,

281 1989 341 2051 per
356 1969 449 2052 quod
465 1965 625 2049 conjugia
643 1967 809 2030 inirentur
827 1967 918 2032 intra
935 1967 1056 2042 tribus,
1073 1976 1110 2030 et
1129 1968 1163 2029 in
1182 1969 1297 2050 specie
1314 1968 1404 2032 intra

281 2063 437 2139 familias,
458 2071 494 2126 et
513 2081 583 2126 non
602 2071 705 2126 extra
726 2061 815 2126 illas.

343 2170 443 2240 379.
473 2158 584 2221 Amor
596 2179 676 2222 vere
688 2156 891 2239 coniugialia
907 2177 970 2220 nec
984 2157 1108 2222 dabilis
1124 2167 1178 2222 est
1194 2158 1284 2221 inter
1299 2177 1403 2220 unum

281 2255 441 2318 maritum
459 2263 496 2318 et
516 2253 630 2336 plures
648 2273 798 2332 uxores;
822 2253 857 2318 id
875 2254 966 2316 enim
979 2253 1128 2340 destruit
1147 2255 1314 2334 originem
1333 2253 1403 2334 ejus

280 2349 503 2430 spiritualem,
521 2369 609 2432 quae
624 2359 679 2413 est
695 2357 732 2412 ut
747 2369 793 2412 ex
811 2349 900 2412 binis
915 2348 1081 2412 formetur
1096 2368 1164 2412 una
1179 2369 1299 2427 mens3
1324 2369 1403 2430 pro·

280 2445 358 2508 inde
382 2445 529 2508 destruit
552 2442 827 2526 conjunctionem
846 2445 1055 2519 interiorem,
1075 2465 1162 2527 quae
1185 2453 1240 2508 est
1262 2444 1343 2508 boni
1366 2453 1403 2508 et

279 2542 361 2616 veri,
382 2549 543 2623 quaeest
566 2559 612 2603 ex
635 2559 702 2622 qua
720 2540 795 2622 ipsa
813 2541 965 2603 essentia
987 2539 1078 2603 illius
1095 2541 1232 2603 amoris.
1276 2539 1402 2620 Conju·

279 2636 372 2718 glum
396 2655 473 2700 cum
497 2634 650 2718 pluribus
678 2655 780 2717 quam
812 2653 888 2698 cum
916 2653 984 2697 una
1013 2644 1068 2698 est
1098 2636 1187 2698 sicut
1204 2633 1402 2700 intellectus

278 2731 408 2794 divisus
426 2731 460 2793 in
480 2731 594 2814 plures
617 2730 836 2809 voluntates;
867 2749 907 2794 ac
931 2731 1019 2793 sicut
1042 2728 1148 2792 homo
1171 2749 1240 2792 non
1264 2730 1321 2793 uni
1339 2730 1402 2794 sed

278 2825 429 2909 pluribus
445 2826 627 2888 addicatus
643 2825 810 2899 ecclesiis,
828 2825 876 2888 sic
895 2827 987 2890 enim
1004 2825 1216 2888 destrahitur
1231 2823 1315 2888 fides
1331 2823 1402 2906 ejus

277 2941 384 3004 usque
414 2929 451 2985 ut
483 2920 576 2984 nulla
599 2919 669 2985 fiat.
714 2920 844 3002 Angeli
867 2921 998 2996 dicunt,
1022 2921 1114 3002 quod
1138 2920 1252 3002 plures
1274 2940 1401 2984 uxores

277 3015 401 3081 ducere
421 3017 465 3080 sit
489 3037 627 3099 prorsus
645 3026 769 3080 contra
792 3016 953 3079 Divinum
973 3017 1150 3094 ordinem;
1181 3025 1216 3080 et
1246 3015 1337 3098 quod
1366 3017 1401 3080 id

276 3131 323 3175 ex
346 3111 496 3193 pluribus
516 3113 629 3174 causis
652 3113 774 3185 sciant,
795 3119 831 3174 et
855 3131 990 3194 quoque
1013 3131 1059 3174 ex
1082 3131 1136 3186 eo,
1156 3111 1247 3192 quod
1271 3119 1308 3174 ut
1332 3111 1399 3193 pri·

276 3225 370 3270 mum
386 3207 546 3288 cogitant
569 3205 612 3268 de
632 3205 792 3288 conjugio
815 3225 891 3269 curn
912 3205 1075 3288 pluribus,
1093 3205 1334 3270 abalienentur
1356 3205 1401 3270 ab

276 3302 413 3365 interna
425 3301 642 3365 beatitudine
658 3311 694 3365 et
710 3301 853 3364 caelesti
868 3301 1047 3375 felicitate,
1061 3311 1098 3364 et
1114 3301 1205 3382 quod
1218 3310 1301 3364 tunc
1315 3299 1399 3364 fiant

276 3395 365 3459 sicut
384 3395 480 3470 ebrii,
500 3396 578 3478 quia
597 3394 803 3477 disjungitur
821 3396 949 3458 bonum
973 3415 993 3458 a
1011 3415 1073 3458 suo
1088 3415 1171 3457 vero
1190 3394 1281 3476 apud
1299 3393 1399 3470 illos;

275 3499 312 3553 et
335 3489 414 3572 quia
436 3490 599 3553 interiora
618 3509 705 3571 quae
729 3491 856 3553 mentis
875 3507 992 3553 eorum
1017 3509 1062 3552 ex
1086 3488 1162 3551 sola
1184 3489 1399 3569 cogitatione

275 3603 352 3649 cum
369 3585 484 3668 aliqua
502 3585 697 3649 intentione
714 3585 748 3648 in
765 3585 872 3649 talem
892 3594 1023 3648 statum
1039 3585 1193 3657 veniunt,
1208 3585 1399 3665 percipiunt

275 3680 367 3744 clare
390 3680 482 3762 quod
501 3679 697 3762 conjugium
716 3697 793 3743 cum
813 3679 965 3762 pluribus
983 3699 1085 3762 quam
1106 3698 1182 3742 cum
1202 3698 1268 3742 una
1291 3680 1397 3743 inter-

276 3795 357 3839 num
380 3795 498 3839 eorum
522 3774 675 3848 claudat,
695 3784 731 3838 et
754 3776 859 3838 iaciat
883 3784 920 3838 ut
944 3775 1022 3838 loco
1045 3776 1172 3839 amoris
1196 3773 1398 3856 conjugialis

274 3893 311 3936 se
327 3871 452 3938 inierat
467 3889 564 3936 amor
580 3869 754 3946 lasciviae,
772 3871 828 3956 qui
845 3889 941 3934 amor
956 3871 1098 3934 abducit
1115 3891 1135 3934 a
1151 3868 1292 3936 caelolu
1337 3871 1398 3936 Di·
1484 3947 1486 3951 Α

668 4070 717 4124 [lu
729 4079 828 4112 asem
839 4073 1011 4124 muman

329 4174 380 4244 (p)
435 4172 496 4230 uod
512 4171 654 4244 conjugis
670 4183 749 4228 inter
764 4172 831 4228 illos
845 4171 898 4297 gui
913 4189 930 4228 e
945 4171 1065 4230 diversa
1079 4171 1225 4244 religione
1240 4182 1321 4234 sunt,
1337 4173 1398 4230 sint

275 4243 418 4308 illicita,o
452 4259 514 4298 non
527 4239 773 4314 conjunctionem
787 4243 854 4298 siml
869 4243 893 4298 is
905 4243 977 4298 boni
990 4253 1022 4299 et
1031 4243 1095 4300 veri
1108 4243 1139 4298 in
1154 4243 1345 4300 interioribus
1357 4246 1398 4314 (n.

273 4315 367 4384 ⁸⁹9⁸)-

327 4433 368 4504 (q)
396 4432 546 4506 Quoniam
566 4433 691 4490 maritus
709 4443 741 4490 et
759 4449 835 4489 uxor
852 4449 948 4490 unum
964 4443 1063 4496 erunt,
1079 4443 1110 4489 et
1129 4433 1348 4490 cohabitabunt
1365 4433 1396 4488 in

274 4505 384 4560 intimo
398 4505 488 4566 vitae,
504 4515 536 4560 et
554 4505 625 4578 quia
642 4505 758 4560 iaciunt
776 4505 865 4560 simul
885 4521 976 4560 unum
995 4507 1136 4578 angelum
1156 4507 1186 4560 in
1205 4507 1298 4568 caelo,
1314 4507 1396 4577 quod

274 4575 343 4630 ideo
358 4591 444 4630 amor
458 4591 529 4630 vere
548 4575 728 4646 coniugialia
744 4591 805 4631 non
820 4575 929 4632 dabilis
947 4576 987 4631 sit
1006 4576 1085 4632 inter
1099 4593 1193 4631 unum
1208 4577 1349 4632 maritum
1365 4587 1397 4634 et

273 4645 373 4717 plures
385 4662 495 4702 uxores
510 4647 551 4709 (n.
567 4658 642 4716 1907.
657 4647 747 4713 2740).
