3382 5358
290 649 351 718 lm
612 647 664 701 DE
686 647 812 700 CAELO
835 649 884 699 ΕΤ
906 649 1089 701 INFERNO.

286 817 429 902 angelus
448 819 557 900 sapit:
585 838 631 883 ex
654 819 773 902 quibus
792 829 952 882 constare
972 829 1101 902 potest,
1120 820 1212 902 quod
1235 817 1406 884 internum

286 913 445 989 hominis,
469 912 560 996 quod
583 924 725 976 vocatur
755 911 826 994 ejus
852 915 1002 995 spiritus,
1026 915 1072 976 sit
1101 913 1136 976 in
1167 915 1318 977 essentia
1346 933 1407 975 sua

287 1007 430 1090 angelus
455 1005 628 1090 (videatur
645 1027 757 1090 supra,
778 1027 810 1069 n.
833 1005 887 1089 57)
903 1003 959 1084 dli)
982 1008 1038 1089 qui
1061 1025 1139 1070 cum
1154 1005 1288 1070 solutus
1310 1016 1364 1070 est
1386 1027 1407 1069 a

286 1103 440 1166 terrestri
459 1121 727 1185 corporeaeque
746 1110 800 1164 est
822 1101 856 1164 in
875 1101 985 1164 forma
1002 1101 1152 1165 humana
1175 1120 1214 1165 ac
1237 1101 1405 1182 angelus;

288 1195 393 1279 (quod
412 1195 557 1278 angelus
576 1197 621 1258 sit
643 1197 677 1258 in
700 1193 850 1278 persedia
868 1195 977 1258 forma
995 1195 1155 1272 humana,
1175 1195 1332 1259 videatur
1349 1217 1404 1258 su·

286 1311 358 1374 pra,
378 1311 410 1353 n.
429 1305 534 1371 73-77
548 1288 573 1372 ;)
598 1307 675 1353 cum
688 1301 802 1352 autem
815 1290 986 1352 internum
999 1289 1147 1354 hominis
1163 1310 1231 1354 non
1248 1300 1403 1372 apertum

285 1393 341 1448 est
359 1403 471 1466 supra,
491 1385 552 1447 sed
576 1384 680 1446 modo
703 1383 798 1459 infra,
819 1393 901 1447 tunc
925 1405 1031 1467 usque
1049 1383 1133 1447 illud
1157 1394 1237 1468 post
1260 1383 1403 1448 solutio·

286 1499 365 1542 nem
380 1499 401 1542 a
416 1499 558 1561 corpore
574 1487 628 1542 est
648 1478 681 1540 in
697 1477 806 1541 forma
821 1478 980 1553 humana,
998 1479 1058 1541 sed
1075 1479 1148 1542 dira
1162 1489 1198 1542 et
1214 1477 1402 1556 diabolica;

286 1593 365 1636 nam
392 1593 460 1636 non
484 1570 640 1655 speEtare
662 1581 781 1655 potest
803 1592 936 1636 sursum
966 1571 1011 1635 ad
1039 1572 1184 1648 caelum,
1208 1571 1269 1636 sed
1299 1573 1403 1636 modo

285 1667 444 1731 deorsum
463 1667 506 1729 ad
525 1666 702 1729 infernum.

347 1775 443 1842 315.
473 1759 539 1842 Qui
558 1761 601 1824 de
618 1761 737 1825 ordine
757 1761 884 1824 Divino
896 1759 1081 1825 instructus
1098 1771 1164 1838 est,
1177 1763 1284 1826 etiam
1299 1761 1402 1826 intel·

283 1855 390 1937 ligere
406 1865 525 1937 potest
540 1856 632 1938 quod
648 1855 903 1919 homocreatus
919 1857 964 1920 sit
980 1867 1017 1920 ut
1033 1855 1093 1920 fiat
1107 1857 1263 1938 angelus,
1276 1857 1354 1938 quia
1368 1857 1401 1920 in

283 1951 344 2014 illo
362 1959 417 2016 est
434 1950 592 2014 ultimum
611 1951 739 2014 ordinis
761 1948 808 2033 (n.
826 1947 915 2033 304),
932 1951 966 2014 in
985 1971 1053 2034 quo
1071 1951 1209 2015 formari
1222 1961 1350 2048 potest
1368 1951 1401 2014 id

283 2045 375 2127 quod
394 2045 555 2108 caelestis
573 2054 609 2108 et
628 2043 807 2125 angelicae
826 2045 1018 2126 sapientiae
1036 2054 1102 2122 est,
1122 2053 1157 2109 et
1175 2046 1267 2128 quod
1284 2054 1402 2128 potest

283 2139 508 2222 redintegrari
520 2149 556 2203 et
569 2139 797 2221 multiplicari.
839 2138 983 2202 Divinus
996 2140 1081 2204 ordo
1093 2159 1260 2223 nusquam
1273 2139 1400 2203 subsis-

283 2233 329 2297 tit
346 2234 380 2297 in
392 2235 516 2309 medio,
529 2243 566 2298 et
584 2234 630 2297 ibi
645 2234 774 2317 absque
791 2233 913 2297 ultimo
928 2233 1053 2299 format
1068 2235 1206 2318 aliquid,
1224 2254 1294 2298 non
1309 2235 1400 2296 enirn

282 2336 337 2392 est
348 2328 383 2391 in
396 2348 457 2391 suo
470 2327 573 2410 pleno
585 2337 621 2391 et
634 2325 805 2409 periecto;
825 2327 886 2391 sed
896 2328 993 2392 vadit
1004 2329 1049 2391 ad
1061 2327 1217 2391 ultimum
1230 2323 1403 2406 ;l“⁰‘¹·¹⁷⁹l¹

283 2432 320 2486 at
339 2441 416 2486 cum
438 2433 493 2486 est
511 2423 545 2484 in
565 2443 626 2484 suo
642 2421 775 2498 ultimo,
793 2431 875 2486 tunc
894 2422 1030 2498 iormat,
1047 2433 1083 2487 et
1102 2441 1237 2505 quoque
1252 2441 1313 2504 per
1328 2441 1400 2486 me·

283 2518 340 2581 dia
358 2518 404 2580 ibi
419 2516 548 2580 collata
566 2537 603 2581 se
621 2517 838 2598 redintegrat
856 2527 892 2580 et
911 2517 1069 2599 producit
1087 2517 1238 2593 ulterius,
1255 2515 1346 2600 quod
1362 2515 1401 2580 fit

282 2631 344 2693 per
357 2613 614 2694 procreationes
626 2615 639 2689 ;'
658 2623 869 2694 quapropter
884 2612 930 2675 ibi
945 2621 1000 2676 est
1016 2611 1234 2676 seminarium
1250 2610 1347 2676 caeli.

321 2699 444 2788 '3160
474 2704 575 2786 Quod
603 2706 771 2769 Dominus
794 2725 863 2769 non
887 2707 992 2770 modo
1010 2705 1124 2790 quoad
1147 2706 1315 2788 spiritum,
1339 2707 1407 2784 sed!

282 2801 387 2864 etiam
406 2800 519 2882 quoad
539 2819 661 2882 corpus
679 2801 915 2876 resurrexerit,
932 2809 986 2864 est
1004 2802 1084 2884 quia
1099 2800 1268 2864 Dominus
1286 2809 1399 2864 totum

283 2893 481 2957 Humanum
500 2914 608 2970 suum,
626 2913 704 2958 cum
723 2894 785 2958 suit
804 2895 838 2958 in
857 2895 996 2970 mundo,
1014 2893 1231 2977 glorificavit,
1247 2893 1314 2958 hoc
1333 2905 1398 2970 est,

283 2987 443 3050 Divinum
462 2981 564 3066 secit3
588 2990 703 3052 anima
719 2987 820 3063 enim,
840 3009 928 3070 quae
947 2988 1017 3071 Ipsi
1039 3009 1060 3052 a
1080 2988 1193 3064 Patre,
1213 3009 1259 3052 ex
1281 3009 1319 3052 se
1342 2989 1399 3072 lp·

281 3099 355 3144 sum
372 3081 534 3145 Divinum
552 3082 625 3157 suit,
642 3091 678 3145 et
697 3102 821 3163 corpus
836 3080 962 3146 lactum
978 3091 1032 3147 est
1048 3083 1238 3146 similitudo
1252 3084 1398 3158 animae,

281 3175 347 3239 hoc
366 3184 428 3252 est,
449 3176 569 3252 Patris,
589 3176 640 3240 ita
662 3195 797 3260 quoque
817 3175 998 3257 Divinum;
1024 3177 1104 3241 inde
1121 3186 1188 3254 est,
1209 3177 1300 3259 quod
1321 3178 1399 3260 lpse

281 3289 379 3335 secus
394 3290 435 3334 ac
451 3270 540 3334 ullus
551 3271 666 3346 homo,
681 3271 794 3354 quoad
806 3279 988 3354 utrumque
999 3274 1225 3337 resurrexerit
1239 3269 1283 3335 :llll
1306 3273 1397 3356 quod

280 3367 386 3429 etiam
402 3365 635 3429 manifestavit
647 3365 832 3448 discipulis,
846 3366 902 3448 qui
914 3365 1102 3430 credebant
1114 3365 1230 3430 videre
1243 3367 1398 3450 spiritum

666 3652 716 3706 un
727 3661 825 3696 mnu
836 3653 1012 3706 mli

334 3775 394 3847 (kk)
419 3773 509 3848 Quod
527 3774 656 3830 totidem
671 3775 781 3846 gradus
795 3775 875 3830 vitae
897 3775 927 3830 in
947 3775 1070 3831 homine
1088 3775 1157 3839 sint.
1173 3785 1248 3848 quot
1266 3775 1349 3838 caeli,
1364 3787 1396 3832 ot

278 3847 360 3918 quod
373 3847 545 3916 aporiantur
556 3855 626 3916 post
638 3855 766 3899 mortem
779 3845 943 3900 secundum
956 3846 1023 3916 ejus
1034 3847 1128 3902 vitam
1142 3849 1184 3915 (n.
1197 3857 1275 3914 3747,
1289 3847 1380 3915 9594).

363 3918 422 3972 uod
433 3917 551 3970 caelum
562 3917 603 3970 sit
616 3914 646 3968 in
658 3915 781 3970 homine
797 3918 838 3984 (n.
851 3916 941 3985 3884).

362 3987 422 4041 uod
435 3986 572 4040 homines
583 3985 634 4056 qui
648 3987 760 4042 amoris
773 3996 804 4041 et
815 3986 970 4042 charitatis
982 3986 1076 4041 vitam
1088 3987 1203 4050 vivunt,
1217 3992 1248 4040 ln
1259 4003 1290 4042 se
1303 3987 1394 4041 habe·

277 4069 332 4113 ant
343 4057 520 4128 sapientiam
532 4058 706 4128 angelicam,
718 4057 771 4112 sed
783 4067 856 4111 tunc
868 4057 1091 4120 absconditam
1116 4067 1148 4112 et
1162 4059 1244 4128 quod
1264 4058 1294 4110 in
1314 4057 1393 4111 illam

277 4127 401 4184 veniant
413 4139 481 4198 post
497 4139 626 4182 mortem
640 4130 680 4192 (n.
690 4127 780 4195 2494).

360 4199 421 4253 uod
437 4199 530 4253 homo
542 4198 571 4251 in
586 4197 687 4251 Verbo
698 4197 816 4250 dicatur
827 4197 957 4267 angelus,
970 4195 1023 4268 qui
1040 4197 1146 4268 recipit
1157 4199 1271 4253 bonurn
1284 4198 1395 4252 amoris

276 4278 310 4325 et
343 4269 391 4324 dei
403 4284 422 4324 a
435 4267 566 4324 Domino
580 4269 620 4335 (n.
635 4266 742 4336 10528).

331 4387 377 4460 (Ῑῖ)
409 4388 498 4464 Quod
525 4388 620 4444 homo
643 4399 779 4462 resurgat
802 4398 920 4446 tantum
944 4391 1044 4462 ΨΜ
1066 4390 1204 4461 ⁸P³fit¹¹m
1231 4393 1394 4462 (⁰⁸¹¹0593’

279 4463 420 4604 ¹⁰5&OE
439 4535 522 4587 sotus
541 4529 689 4587 Dominus
700 4529 792 4586 etiam
807 4531 906 4602 (ΝΟΜ
922 4547 1030 4603 ⁰⁰‘P¹¹⁸
1050 4527 1244 4588 sedamen*
1260 4534 1301 4597 (η’
1320 4545 1393 4602 ¹⁷²9'

277 4601 356 4672 2033,
370 4600 447 4672 5078,
462 4601 568 4672 10825).
