3350 5366
361 655 412 706 DE
431 655 609 709 SECUNDO
625 657 748 710 sustu
767 659 931 712 HOMINIS
949 661 1041 714 POST
1060 661 1235 716 MORTEM.
1313 667 1374 736 323

254 825 369 890 omnia
387 825 557 891 ecciesiae
576 837 616 892 et
638 828 737 906 caeli,
757 829 806 894 iiii
825 831 1031 896 consociant
1052 853 1090 896 se
1113 851 1191 898 cum
1211 832 1376 900 similibus

253 921 286 983 in
306 921 371 986 hoc
389 933 497 998 statu,
515 933 551 986 et
567 935 695 988 vocant
710 943 949 1010 quemcunque
968 927 1090 1005 Deum,
1107 929 1164 1012 qui
1181 928 1376 1010 praepollet

252 1018 393 1093 astutia,
413 1017 534 1082 colunt
550 1021 655 1084 etiam
675 1017 779 1086 ¹¹¹eum
797 1021 929 1088 honore
948 1023 1085 1090 Divino.
1107 1053 1111 1060 ·
1131 1023 1214 1088 Vidi
1233 1023 1376 1092 talesia

252 1123 427 1176 conventu
454 1115 642 1179 adorantes
668 1135 819 1198 magum,
837 1127 873 1182 et
901 1117 1142 1184 consultantes
1169 1119 1374 1195 denatura,

252 1215 288 1270 st
310 1225 349 1272 se
370 1208 465 1272 fatue
486 1221 661 1292 gerentes,
684 1213 774 1276 sicut
796 1212 910 1278 iorent
933 1213 1066 1280 bestiae
1091 1214 1155 1280 sub
1180 1215 1288 1281 lorma
1311 1214 1376 1282 hu·

254 1319 375 1379 mana3
404 1302 592 1366 interillos
610 1305 827 1368 etiamerant
850 1305 908 1386 qui
929 1303 966 1368 in
992 1305 1122 1370 mundo
1143 1308 1178 1370 in
1201 1309 1375 1390 dignitate

253 1397 435 1460 constituti
452 1396 598 1471 suerunt,
615 1408 651 1462 et
670 1397 807 1482 quidam
824 1397 931 1480 quiin
947 1398 1077 1464 mundo
1091 1400 1213 1467 crediti
1228 1399 1322 1468 docti
1337 1412 1375 1470 et

253 1491 439 1572 sapientes.
482 1490 555 1556 Alii
573 1491 684 1556 aliter.
729 1491 786 1558 Ex
816 1491 869 1556 his
900 1493 1019 1574 paucis
1051 1494 1211 1558 concludi
1242 1506 1373 1578 potest,

253 1585 372 1670 quales
387 1595 466 1650 sunt
485 1606 628 1669 quorum
644 1589 806 1652 interiora
822 1607 909 1670 quae
925 1587 1053 1652 mentis
1067 1587 1185 1654 clausa
1200 1600 1280 1655 sunt
1297 1612 1373 1656 ver·

253 1701 310 1744 sus
329 1681 474 1756 caelum,
494 1693 531 1746 ut
555 1691 635 1746 sunt
659 1681 749 1764 apud
769 1701 890 1748 omnes
913 1683 971 1766 qui
994 1703 1063 1746 non
1082 1695 1287 1766 receperunt
1309 1685 1373 1750 ali·

253 1795 354 1858 quem
369 1775 535 1840 influxum
551 1797 570 1840 e
584 1775 682 1840 caelo
698 1795 759 1859 per
770 1778 985 1858 agnitionem
998 1778 1123 1853 Divini,
1137 1799 1177 1842 ac
1194 1801 1254 1862 per
1265 1781 1373 1846 vitam

253 1869 341 1934 fidei.
386 1869 538 1953 Quisque
551 1870 703 1952 judicare
722 1881 840 1954 potest
859 1891 905 1938 cx
923 1891 971 1947 sc,
988 1873 1098 1954 qualis
1116 1873 1216 1949 soret,
1234 1876 1261 1938 si
1281 1877 1371 1952 talis,

253 1967 282 2029 si
294 1985 397 2048 agere
416 1967 447 2028 ei
466 1965 586 2030 liceret
605 1967 735 2050 absque
754 1968 877 2032 timore
896 1965 984 2049 legis
1003 1977 1039 2032 et
1058 1969 1163 2043 vitae,
1184 1979 1220 2034 et
1242 1971 1372 2054 absque

251 2061 396 2125 vinculis
420 2063 585 2135 externis,
610 2071 801 2144 quaesunt
825 2063 979 2138 timores,
1004 2081 1047 2128 ne
1077 2063 1235 2128 laedatur
1257 2065 1372 2148 quoad
1425 2064 1427 2071 ’

252 2157 389 2232 sarnam,
406 2177 445 2220 ac
461 2175 505 2219 ne
522 2157 674 2238 privetur
692 2156 835 2230 honore,
853 2156 958 2234 lucro,
975 2165 1011 2220 et
1028 2156 1267 2240 voluptatibus
1282 2161 1372 2226 inde.

253 2251 321 2316 Sed
345 2273 450 2334 usque
473 2261 653 2316 coercetur
671 2253 804 2316 insania
821 2251 958 2316 illorum
990 2271 1014 2314 a
1040 2252 1203 2330 Domino,
1223 2274 1267 2318 ne
1295 2264 1372 2320 ruat

253 2347 345 2411 ultra
363 2347 490 2410 limites
514 2367 604 2420 usus,
624 2365 703 2410 nam
727 2347 772 2410 ab
794 2347 986 2428 unoquovis
1005 2347 1068 2412 tali
1091 2368 1197 2431 usque
1220 2347 1259 2414 fit
1282 2369 1373 2416 usus.

253 2441 340 2505 Boni
363 2443 503 2524 spiritus
524 2443 558 2504 in
582 2441 649 2504 illis
671 2441 792 2506 vident
814 2441 895 2524 quid
918 2441 1059 2518 malum,
1081 2452 1119 2506 et
1142 2444 1243 2526 quale
1266 2444 1311 2521 id,
1335 2452 1372 2510 et

252 2537 361 2619 qualis
383 2537 488 2600 homo
515 2537 636 2600 sinon
663 2537 798 2600 ducitur
820 2555 842 2600 a
864 2535 1034 2600 Domino:
1069 2557 1148 2602 usus
1175 2540 1281 2608 etiam
1305 2549 1371 2614 est,

252 2633 344 2714 quod
366 2651 427 2713 per
449 2631 528 2694 illos
550 2630 758 2711 colligantur
781 2631 862 2694 mali
886 2631 1027 2706 similes,
1050 2651 1090 2696 ac
1120 2644 1323 2715 separentur
1352 2654 1373 2698 a

252 2727 372 2804 bonis3
406 2735 478 2790 tum
503 2725 594 2808 quod
623 2746 705 2790 vera
733 2735 770 2790 et
801 2726 904 2800 bona,
924 2746 1012 2808 quae
1041 2726 1123 2792 mali
1151 2729 1185 2792 in
1215 2731 1372 2794 externis

252 2821 489 2904 praetulerunt
512 2840 552 2884 ac
575 2822 714 2886 mentiti
732 2829 824 2895 sunt,
844 2820 911 2886 illis
934 2821 1140 2900 auferantur,
1160 2842 1200 2888 ac
1223 2824 1258 2888 in
1281 2825 1373 2892 mala

252 2937 333 2981 snae
352 2919 446 2980 vitae
465 2927 501 2981 et
523 2917 665 2980 insalsa
681 2916 762 2980 mali
780 2916 979 2990 inserantur,
999 2927 1036 2984 et
1057 2918 1106 2982 sic
1125 2930 1373 3001 praeparentur

253 3013 296 3076 ad
326 3013 513 3075 infernum:
549 3031 628 3074 nam
659 3029 730 3075 non
748 3012 841 3092 prius
863 3011 985 3094 aliquis
1013 3013 1048 3078 in
1077 3012 1244 3079 infernum
1263 3017 1371 3092 venit,

251 3127 353 3191 quam
370 3126 447 3170 cum
467 3108 501 3168 in
517 3106 609 3170 malo
625 3127 689 3170 suo
703 3126 744 3170 ae
762 3107 798 3170 in
815 3105 909 3170 salsis
925 3105 1006 3170 mali
1022 3116 1100 3186 eut;
1122 3109 1285 3190 quonism
1301 3129 1371 3173 non

245 3203 334 3267 iicet
352 3201 452 3264 alicui
471 3201 517 3264 ibi
534 3202 679 3266 divisum
696 3211 850 3266 mentem
865 3200 1003 3277 habere,
1021 3221 1146 3284 nempe
1164 3203 1255 3266 aliud
1274 3206 1372 3286 cogi·

252 3307 325 3361 tare
344 3304 379 3360 et
401 3295 493 3378 loqui
516 3305 552 3358 et
575 3295 666 3358 aliud
685 3294 796 3370 velle;
829 3295 971 3377 quisque
989 3295 1100 3360 malus
1117 3297 1162 3362 ibi
1185 3297 1308 3362 laisum
1325 3299 1372 3364 ibi

251 3413 297 3458 ex
317 3391 409 3455 malo
422 3391 604 3472 cogitabit,
620 3400 657 3454 et
675 3410 722 3454 ex
739 3389 827 3454 falso
843 3388 925 3456 muli
943 3389 1110 3474 loquetur,
1128 3400 1309 3473 utrumque
1324 3413 1371 3458 ex

252 3488 446 3560 voluntate,
471 3487 520 3548 ita
543 3505 589 3548 ex
612 3504 675 3548 suo
698 3485 836 3566 proprio
858 3503 987 3560 amore,
1011 3494 1048 3550 et
1071 3483 1142 3565 ejus
1161 3484 1313 3566 jucundo
1334 3497 1371 3552 et

251 3582 378 3662 volupi,
399 3579 688 3663 quemadmodum
707 3580 741 3642 in
761 3578 900 3652 mundo,
921 3597 998 3644 cum
1017 3579 1052 3642 in
1070 3599 1134 3644 suo
1152 3580 1283 3662 spiritu,
1303 3579 1370 3648 hnc

251 3688 317 3752 est,
331 3675 619 3759 quemadmodum
636 3674 669 3737 in
686 3694 723 3736 se
739 3673 820 3736 dum
832 3693 878 3738 ex
893 3674 1057 3738 interiore
1071 3671 1262 3750 aliediione,
1275 3677 1370 3758 cogi·

251 3774 350 3837 tavit.
396 3770 508 3835 Causa
537 3779 604 3842 est,
625 3770 704 3851 quia
725 3767 889 3834 voluntas
912 3777 967 3832 est
997 3769 1069 3851 ipse
1092 3769 1208 3844 iromo,
1232 3781 1269 3834 et
1299 3789 1370 3834 non

251 3867 421 3948 cogitatio
439 3866 503 3928 nisi
519 3874 685 3947 quantum
704 3883 724 3926 a
742 3862 925 3928 voluntate
941 3863 1059 3938 trahit,
1076 3883 1116 3928 ac
1136 3863 1298 3930 voluntas
1315 3873 1371 3930 est

250 3963 324 4044 ipsa
338 3972 458 4024 natura
471 3979 531 4022 seu
543 3957 854 4035 indoleshominis;
877 3977 982 4040 quare
997 3959 1032 4022 in
1044 3958 1261 4024 voluntatem
1273 3977 1370 4024 suam

250 4057 383 4120 remitti
405 4065 459 4118 est
482 4056 515 4116 in
540 4073 634 4116 suam
659 4063 817 4118 naturam
840 4071 901 4116 seu
923 4052 1088 4130 indolem,
1111 4063 1148 4118 et
1178 4073 1313 4136 quoque
1335 4057 1370 4118 in

251 4169 347 4213 suam
378 4151 496 4220 vitam,
521 4167 600 4212 nam
630 4147 735 4212 homo
762 4167 823 4230 per
841 4147 949 4212 vitam
978 4147 1092 4212 induit
1122 4158 1302 4225 naturam;
1333 4159 1370 4214 ct

250 4245 355 4308 homo
374 4255 452 4326 post
472 4253 620 4306 mortem
638 4251 768 4317 manet,
787 4241 924 4325 qualem
943 4242 1008 4306 sibi
1024 4240 1210 4306 ¹¹¹naturam
1228 4262 1369 4324 compa·

247 4341 339 4403 ravit
360 4341 546 4421 pervitam
570 4339 603 4401 in
627 4338 767 4412 mundo,
786 4357 875 4419 quae
893 4337 983 4419 apud
1003 4337 1113 4400 malos
1136 4356 1205 4400 non
1224 4337 1370 4419 amplius

243 4443 368 4516 ‘potest
388 4453 448 4515 per
466 4435 556 4496 viam
573 4432 795 4514 cogitationis
814 4452 875 4496 seu
889 4428 1090 4496 intellectus
1106 4431 1176 4496 veri
1195 4433 1370 4498 emendari

250 4539 286 4592 et
307 4530 439 4592 mutari.

312 4637 418 4706 5o9.
449 4621 532 4686 Mali
548 4624 697 4706 spiritus,
711 4622 849 4706 quando
864 4622 897 4686 in
914 4621 1066 4686 secundo
1082 4621 1148 4686 hoc
1165 4630 1260 4686 statu
1276 4629 1368 4698 sunt,
