<?xml version="1.0" encoding="UTF-8"?>
<!DOCTYPE html PUBLIC "-//W3C//DTD XHTML 1.0 Transitional//EN"
    "http://www.w3.org/TR/xhtml1/DTD/xhtml1-transitional.dtd">
<html xmlns="http://www.w3.org/1999/xhtml" xml:lang="en" lang="en">
 <head>
  <title>
</title>
<meta http-equiv="Content-Type" content="text/html;charset=utf-8" />
  <meta name='ocr-system' content='tesseract 3.04.00' />
  <meta name='ocr-capabilities' content='ocr_page ocr_carea ocr_par ocr_line ocrx_word'/>
</head>
<body>
  <div class='ocr_page' id='page_1' title='image "./decaeloetejusmi00swedgoog_0222.png"; bbox 0 0 3408 5358; ppageno 0'>
   <div class='ocr_carea' id='block_1_1' title="bbox 433 603 1431 710">
    <p class='ocr_par' dir='ltr' id='par_1_1' title="bbox 433 603 1431 710">
     <span class='ocr_line' id='line_1_1' title="bbox 433 603 1431 710; baseline 0.003 -23"><span class='ocrx_word' id='word_1_1' title='bbox 433 633 486 687; x_wconf 85' lang='lat' dir='ltr'>os</span> <span class='ocrx_word' id='word_1_2' title='bbox 505 635 750 692; x_wconf 77' lang='lat' dir='ltr'>saernurusus</span> <span class='ocrx_word' id='word_1_3' title='bbox 770 637 818 690; x_wconf 84' lang='lat' dir='ltr'>er</span> <span class='ocrx_word' id='word_1_4' title='bbox 836 637 1070 692; x_wconf 80' lang='lat' dir='ltr'>srururcrsus</span> <span class='ocrx_word' id='word_1_5' title='bbox 1088 635 1130 690; x_wconf 78' lang='lat' dir='ltr'>ur</span> <span class='ocrx_word' id='word_1_6' title='bbox 1142 603 1283 688; x_wconf 54' lang='lat' dir='ltr'>&#39;caeno</span> <span class='ocrx_word' id='word_1_7' title='bbox 1370 639 1431 710; x_wconf 59' lang='grc' dir='ltr'>τις</span> 
     </span>
    </p>
   </div>
   <div class='ocr_carea' id='block_1_2' title="bbox 282 805 1473 4666">
    <p class='ocr_par' dir='ltr' id='par_1_2' title="bbox 307 805 1473 3620">
     <span class='ocr_line' id='line_1_2' title="bbox 373 805 1431 891; baseline 0.004 -21"><span class='ocrx_word' id='word_1_8' title='bbox 373 819 474 890; x_wconf 72' lang='lat'>334.</span> <span class='ocrx_word' id='word_1_9' title='bbox 505 805 635 874; x_wconf 87' lang='lat' dir='ltr'>Datum</span> <span class='ocrx_word' id='word_1_10' title='bbox 657 816 710 871; x_wconf 85' lang='lat' dir='ltr'>est</span> <span class='ocrx_word' id='word_1_11' title='bbox 729 805 823 890; x_wconf 91' lang='lat' dir='ltr'>loqui</span> <span class='ocrx_word' id='word_1_12' title='bbox 842 825 920 874; x_wconf 89' lang='lat' dir='ltr'>cum</span> <span class='ocrx_word' id='word_1_13' title='bbox 938 805 1090 890; x_wconf 90' lang='lat' dir='ltr'>pluribus</span> <span class='ocrx_word' id='word_1_14' title='bbox 1108 806 1251 872; x_wconf 88' lang='lat' dir='ltr'>eruditis</span> <span class='ocrx_word' id='word_1_15' title='bbox 1269 815 1349 891; x_wconf 82' lang='lat' dir='ltr'>post</span> <span class='ocrx_word' id='word_1_16' title='bbox 1367 827 1431 874; x_wconf 82' lang='lat' dir='ltr'>ex·</span> 
     </span>
     <span class='ocr_line' id='line_1_3' title="bbox 310 901 1431 985; baseline -0.001 -16"><span class='ocrx_word' id='word_1_17' title='bbox 310 919 447 969; x_wconf 84' lang='lat' dir='ltr'>cessum</span> <span class='ocrx_word' id='word_1_18' title='bbox 461 919 579 966; x_wconf 87' lang='lat' dir='ltr'>eorum</span> <span class='ocrx_word' id='word_1_19' title='bbox 601 921 621 965; x_wconf 89' lang='lat' dir='ltr'>e</span> <span class='ocrx_word' id='word_1_20' title='bbox 639 901 788 979; x_wconf 87' lang='lat' dir='ltr'>mundo;</span> <span class='ocrx_word' id='word_1_21' title='bbox 812 919 891 966; x_wconf 88' lang='lat' dir='ltr'>cum</span> <span class='ocrx_word' id='word_1_22' title='bbox 909 901 1112 984; x_wconf 86' lang='lat' dir='ltr'>quibusdam</span> <span class='ocrx_word' id='word_1_23' title='bbox 1131 902 1187 984; x_wconf 91' lang='lat' dir='ltr'>qui</span> <span class='ocrx_word' id='word_1_24' title='bbox 1205 901 1431 985; x_wconf 81' lang='lat' dir='ltr'>famigeratis·</span> 
     </span>
     <span class='ocr_line' id='line_1_4' title="bbox 310 994 1432 1078; baseline 0.004 -18"><span class='ocrx_word' id='word_1_25' title='bbox 310 997 386 1062; x_wconf 86' lang='lat' dir='ltr'>simi</span> <span class='ocrx_word' id='word_1_26' title='bbox 407 995 554 1069; x_wconf 85' lang='lat' dir='ltr'>luerunt,</span> <span class='ocrx_word' id='word_1_27' title='bbox 573 1004 610 1059; x_wconf 88' lang='lat' dir='ltr'>et</span> <span class='ocrx_word' id='word_1_28' title='bbox 632 1015 694 1078; x_wconf 90' lang='lat' dir='ltr'>per</span> <span class='ocrx_word' id='word_1_29' title='bbox 712 995 841 1076; x_wconf 88' lang='lat' dir='ltr'>scripta</span> <span class='ocrx_word' id='word_1_30' title='bbox 862 995 896 1060; x_wconf 91' lang='lat' dir='ltr'>in</span> <span class='ocrx_word' id='word_1_31' title='bbox 914 995 997 1060; x_wconf 89' lang='lat' dir='ltr'>orbe</span> <span class='ocrx_word' id='word_1_32' title='bbox 1019 994 1176 1061; x_wconf 90' lang='lat' dir='ltr'>litterato</span> <span class='ocrx_word' id='word_1_33' title='bbox 1194 995 1367 1074; x_wconf 74' lang='lat' dir='ltr'>celebres,</span> <span class='ocrx_word' id='word_1_34' title='bbox 1394 1005 1432 1064; x_wconf 87' lang='lat' dir='ltr'>et</span> 
     </span>
     <span class='ocr_line' id='line_1_5' title="bbox 311 1088 1430 1174; baseline 0.001 -18"><span class='ocrx_word' id='word_1_35' title='bbox 311 1110 391 1156; x_wconf 90' lang='lat' dir='ltr'>cum</span> <span class='ocrx_word' id='word_1_36' title='bbox 404 1088 607 1174; x_wconf 84' lang='lat' dir='ltr'>quibusdam</span> <span class='ocrx_word' id='word_1_37' title='bbox 619 1089 675 1172; x_wconf 90' lang='lat' dir='ltr'>qui</span> <span class='ocrx_word' id='word_1_38' title='bbox 691 1107 761 1152; x_wconf 90' lang='lat' dir='ltr'>nou</span> <span class='ocrx_word' id='word_1_39' title='bbox 776 1089 825 1152; x_wconf 90' lang='lat' dir='ltr'>ita</span> <span class='ocrx_word' id='word_1_40' title='bbox 840 1088 1004 1163; x_wconf 80' lang='lat' dir='ltr'>celebres,</span> <span class='ocrx_word' id='word_1_41' title='bbox 1018 1089 1080 1154; x_wconf 88' lang='lat' dir='ltr'>sed</span> <span class='ocrx_word' id='word_1_42' title='bbox 1097 1109 1201 1172; x_wconf 91' lang='lat' dir='ltr'>usque</span> <span class='ocrx_word' id='word_1_43' title='bbox 1216 1091 1430 1156; x_wconf 86' lang='lat' dir='ltr'>reconditam</span> 
     </span>
     <span class='ocr_line' id='line_1_6' title="bbox 312 1181 1430 1268; baseline 0 -18"><span class='ocrx_word' id='word_1_44' title='bbox 312 1184 517 1268; x_wconf 76' lang='lat' dir='ltr'>sapientiam</span> <span class='ocrx_word' id='word_1_45' title='bbox 542 1183 578 1249; x_wconf 89' lang='lat' dir='ltr'>in</span> <span class='ocrx_word' id='word_1_46' title='bbox 606 1202 644 1246; x_wconf 89' lang='lat' dir='ltr'>se</span> <span class='ocrx_word' id='word_1_47' title='bbox 670 1183 874 1248; x_wconf 90' lang='lat' dir='ltr'>habuerunt.</span> <span class='ocrx_word' id='word_1_48' title='bbox 920 1181 986 1258; x_wconf 93' lang='lat' dir='ltr'>llli,</span> <span class='ocrx_word' id='word_1_49' title='bbox 1009 1185 1067 1268; x_wconf 92' lang='lat' dir='ltr'>qui</span> <span class='ocrx_word' id='word_1_50' title='bbox 1089 1185 1194 1250; x_wconf 87' lang='lat' dir='ltr'>corde</span> <span class='ocrx_word' id='word_1_51' title='bbox 1217 1197 1430 1267; x_wconf 86' lang='lat' dir='ltr'>negaverunt</span> 
     </span>
     <span class='ocr_line' id='line_1_7' title="bbox 311 1275 1430 1362; baseline 0.001 -19"><span class='ocrx_word' id='word_1_52' title='bbox 311 1279 484 1353; x_wconf 89' lang='lat' dir='ltr'>Divinum,</span> <span class='ocrx_word' id='word_1_53' title='bbox 508 1285 679 1360; x_wconf 91' lang='lat' dir='ltr'>utcunque</span> <span class='ocrx_word' id='word_1_54' title='bbox 709 1297 768 1342; x_wconf 88' lang='lat' dir='ltr'>ore</span> <span class='ocrx_word' id='word_1_55' title='bbox 798 1275 881 1342; x_wconf 91' lang='lat' dir='ltr'>illud</span> <span class='ocrx_word' id='word_1_56' title='bbox 915 1277 1062 1342; x_wconf 80' lang='lat' dir='ltr'>confessi</span> <span class='ocrx_word' id='word_1_57' title='bbox 1092 1288 1183 1354; x_wconf 92' lang='lat' dir='ltr'>sunt,</span> <span class='ocrx_word' id='word_1_58' title='bbox 1208 1288 1280 1344; x_wconf 89' lang='lat' dir='ltr'>tam</span> <span class='ocrx_word' id='word_1_59' title='bbox 1303 1281 1430 1362; x_wconf 86' lang='lat' dir='ltr'>stupidi</span> 
     </span>
     <span class='ocr_line' id='line_1_8' title="bbox 311 1370 1429 1456; baseline -0.001 -19"><span class='ocrx_word' id='word_1_60' title='bbox 311 1370 392 1438; x_wconf 73' lang='lat' dir='ltr'>rani</span> <span class='ocrx_word' id='word_1_61' title='bbox 409 1381 501 1448; x_wconf 89' lang='lat' dir='ltr'>sunt,</span> <span class='ocrx_word' id='word_1_62' title='bbox 520 1380 559 1436; x_wconf 90' lang='lat' dir='ltr'>ut</span> <span class='ocrx_word' id='word_1_63' title='bbox 578 1372 638 1436; x_wconf 87' lang='lat' dir='ltr'>vix</span> <span class='ocrx_word' id='word_1_64' title='bbox 657 1371 782 1455; x_wconf 90' lang='lat' dir='ltr'>aliquid</span> <span class='ocrx_word' id='word_1_65' title='bbox 801 1389 918 1438; x_wconf 85' lang='lat' dir='ltr'>verum</span> <span class='ocrx_word' id='word_1_66' title='bbox 933 1371 1044 1447; x_wconf 89' lang='lat' dir='ltr'>civile,</span> <span class='ocrx_word' id='word_1_67' title='bbox 1061 1373 1172 1436; x_wconf 91' lang='lat' dir='ltr'>minus</span> <span class='ocrx_word' id='word_1_68' title='bbox 1187 1373 1320 1456; x_wconf 77' lang='lat' dir='ltr'>aliquid¹</span> <span class='ocrx_word' id='word_1_69' title='bbox 1332 1375 1429 1456; x_wconf 90' lang='lat' dir='ltr'>spiri-</span> 
     </span>
     <span class='ocr_line' id='line_1_9' title="bbox 311 1465 1473 1552; baseline 0.002 -20"><span class='ocrx_word' id='word_1_70' title='bbox 311 1468 416 1542; x_wconf 86' lang='lat' dir='ltr'>tuale,</span> <span class='ocrx_word' id='word_1_71' title='bbox 435 1465 726 1548; x_wconf 87' lang='lat' dir='ltr'>comprehendere</span> <span class='ocrx_word' id='word_1_72' title='bbox 746 1475 910 1548; x_wconf 83' lang='lat' dir='ltr'>possent:</span> <span class='ocrx_word' id='word_1_73' title='bbox 935 1477 1136 1549; x_wconf 90' lang='lat' dir='ltr'>perceptum</span> <span class='ocrx_word' id='word_1_74' title='bbox 1155 1477 1220 1542; x_wconf 90' lang='lat' dir='ltr'>est,</span> <span class='ocrx_word' id='word_1_75' title='bbox 1237 1479 1273 1534; x_wconf 90' lang='lat' dir='ltr'>et</span> <span class='ocrx_word' id='word_1_76' title='bbox 1295 1489 1429 1552; x_wconf 88' lang='lat' dir='ltr'>quoque</span> <span class='ocrx_word' id='word_1_77' title='bbox 1471 1509 1473 1516; x_wconf 70' lang='lat'>,</span> 
     </span>
     <span class='ocr_line' id='line_1_10' title="bbox 311 1559 1431 1644; baseline 0 -16"><span class='ocrx_word' id='word_1_78' title='bbox 311 1564 431 1637; x_wconf 65' lang='lat' dir='ltr'>visum</span> <span class='ocrx_word' id='word_1_79' title='bbox 446 1559 539 1644; x_wconf 91' lang='lat' dir='ltr'>quod</span> <span class='ocrx_word' id='word_1_80' title='bbox 557 1579 675 1626; x_wconf 89' lang='lat' dir='ltr'>eorum</span> <span class='ocrx_word' id='word_1_81' title='bbox 694 1561 857 1624; x_wconf 89' lang='lat' dir='ltr'>interiora</span> <span class='ocrx_word' id='word_1_82' title='bbox 875 1580 962 1642; x_wconf 90' lang='lat' dir='ltr'>quae</span> <span class='ocrx_word' id='word_1_83' title='bbox 982 1571 1062 1626; x_wconf 90' lang='lat' dir='ltr'>sunt</span> <span class='ocrx_word' id='word_1_84' title='bbox 1079 1563 1207 1626; x_wconf 89' lang='lat' dir='ltr'>mentis</span> <span class='ocrx_word' id='word_1_85' title='bbox 1224 1563 1274 1626; x_wconf 90' lang='lat' dir='ltr'>ita</span> <span class='ocrx_word' id='word_1_86' title='bbox 1291 1563 1431 1628; x_wconf 89' lang='lat' dir='ltr'>occlusa</span> 
     </span>
     <span class='ocr_line' id='line_1_11' title="bbox 310 1651 1430 1738; baseline 0.001 -17"><span class='ocrx_word' id='word_1_87' title='bbox 310 1665 439 1732; x_wconf 85' lang='lat' dir='ltr'>essent,</span> <span class='ocrx_word' id='word_1_88' title='bbox 453 1665 491 1720; x_wconf 93' lang='lat' dir='ltr'>ut</span> <span class='ocrx_word' id='word_1_89' title='bbox 506 1665 712 1738; x_wconf 83' lang='lat' dir='ltr'>apparerent</span> <span class='ocrx_word' id='word_1_90' title='bbox 728 1655 816 1720; x_wconf 86' lang='lat' dir='ltr'>sicut</span> <span class='ocrx_word' id='word_1_91' title='bbox 832 1654 940 1736; x_wconf 87' lang='lat' dir='ltr'>nigra,</span> <span class='ocrx_word' id='word_1_92' title='bbox 956 1651 1055 1737; x_wconf 91' lang='lat' dir='ltr'>(talia</span> <span class='ocrx_word' id='word_1_93' title='bbox 1070 1656 1103 1720; x_wconf 92' lang='lat' dir='ltr'>in</span> <span class='ocrx_word' id='word_1_94' title='bbox 1120 1657 1248 1720; x_wconf 89' lang='lat' dir='ltr'>mundo</span> <span class='ocrx_word' id='word_1_95' title='bbox 1264 1657 1430 1738; x_wconf 90' lang='lat' dir='ltr'>spirituali</span> 
     </span>
     <span class='ocr_line' id='line_1_12' title="bbox 310 1747 1428 1832; baseline 0.001 -18"><span class='ocrx_word' id='word_1_96' title='bbox 310 1751 355 1814; x_wconf 90' lang='lat' dir='ltr'>ad</span> <span class='ocrx_word' id='word_1_97' title='bbox 373 1751 483 1814; x_wconf 85' lang='lat' dir='ltr'>visum</span> <span class='ocrx_word' id='word_1_98' title='bbox 502 1747 695 1830; x_wconf 80' lang='lat' dir='ltr'>sistuntur.)</span> <span class='ocrx_word' id='word_1_99' title='bbox 715 1757 752 1814; x_wconf 90' lang='lat' dir='ltr'>et</span> <span class='ocrx_word' id='word_1_100' title='bbox 775 1747 823 1812; x_wconf 90' lang='lat' dir='ltr'>sic</span> <span class='ocrx_word' id='word_1_101' title='bbox 847 1748 937 1831; x_wconf 92' lang='lat' dir='ltr'>quod</span> <span class='ocrx_word' id='word_1_102' title='bbox 962 1768 1030 1812; x_wconf 92' lang='lat' dir='ltr'>non</span> <span class='ocrx_word' id='word_1_103' title='bbox 1050 1759 1193 1830; x_wconf 89' lang='lat' dir='ltr'>possent</span> <span class='ocrx_word' id='word_1_104' title='bbox 1211 1749 1358 1832; x_wconf 86' lang='lat' dir='ltr'>aliquam</span> <span class='ocrx_word' id='word_1_105' title='bbox 1378 1751 1428 1816; x_wconf 91' lang='lat' dir='ltr'>lu·</span> 
     </span>
     <span class='ocr_line' id='line_1_13' title="bbox 310 1841 1429 1926; baseline 0.003 -18"><span class='ocrx_word' id='word_1_106' title='bbox 310 1863 386 1908; x_wconf 91' lang='lat' dir='ltr'>cem</span> <span class='ocrx_word' id='word_1_107' title='bbox 405 1844 590 1908; x_wconf 89' lang='lat' dir='ltr'>caelestem</span> <span class='ocrx_word' id='word_1_108' title='bbox 607 1843 785 1916; x_wconf 87' lang='lat' dir='ltr'>sustinere,</span> <span class='ocrx_word' id='word_1_109' title='bbox 804 1843 853 1906; x_wconf 89' lang='lat' dir='ltr'>ita</span> <span class='ocrx_word' id='word_1_110' title='bbox 871 1863 934 1906; x_wconf 90' lang='lat' dir='ltr'>nec</span> <span class='ocrx_word' id='word_1_111' title='bbox 950 1843 1097 1926; x_wconf 84' lang='lat' dir='ltr'>aliquem</span> <span class='ocrx_word' id='word_1_112' title='bbox 1113 1841 1276 1908; x_wconf 86' lang='lat' dir='ltr'>influxum</span> <span class='ocrx_word' id='word_1_113' title='bbox 1292 1865 1311 1908; x_wconf 91' lang='lat' dir='ltr'>e</span> <span class='ocrx_word' id='word_1_114' title='bbox 1330 1847 1429 1911; x_wconf 90' lang='lat' dir='ltr'>caelo</span> 
     </span>
     <span class='ocr_line' id='line_1_14' title="bbox 310 1935 1434 2020; baseline 0.003 -17"><span class='ocrx_word' id='word_1_115' title='bbox 310 1939 506 2004; x_wconf 85' lang='lat' dir='ltr'>admittere.</span> <span class='ocrx_word' id='word_1_116' title='bbox 558 1937 715 2018; x_wconf 87' lang='lat' dir='ltr'>Nigredo</span> <span class='ocrx_word' id='word_1_117' title='bbox 746 1935 816 2012; x_wconf 89' lang='lat' dir='ltr'>illa,</span> <span class='ocrx_word' id='word_1_118' title='bbox 848 1937 880 2002; x_wconf 90' lang='lat' dir='ltr'>in</span> <span class='ocrx_word' id='word_1_119' title='bbox 913 1957 980 2020; x_wconf 93' lang='lat' dir='ltr'>qua</span> <span class='ocrx_word' id='word_1_120' title='bbox 1008 1948 1237 2020; x_wconf 89' lang='lat' dir='ltr'>apparuerunt</span> <span class='ocrx_word' id='word_1_121' title='bbox 1266 1939 1434 2006; x_wconf 77' lang='lat' dir='ltr'>interiora</span> 
     </span>
     <span class='ocr_line' id='line_1_15' title="bbox 310 2029 1428 2114; baseline 0.002 -18"><span class='ocrx_word' id='word_1_122' title='bbox 310 2051 439 2107; x_wconf 91' lang='lat' dir='ltr'>eorum,</span> <span class='ocrx_word' id='word_1_123' title='bbox 461 2029 570 2114; x_wconf 85' lang='lat' dir='ltr'>major</span> <span class='ocrx_word' id='word_1_124' title='bbox 599 2040 635 2094; x_wconf 91' lang='lat' dir='ltr'>et</span> <span class='ocrx_word' id='word_1_125' title='bbox 668 2031 847 2095; x_wconf 88' lang='lat' dir='ltr'>extensior</span> <span class='ocrx_word' id='word_1_126' title='bbox 875 2040 950 2096; x_wconf 88' lang='lat' dir='ltr'>erat</span> <span class='ocrx_word' id='word_1_127' title='bbox 980 2031 1070 2112; x_wconf 91' lang='lat' dir='ltr'>apud</span> <span class='ocrx_word' id='word_1_128' title='bbox 1103 2030 1191 2106; x_wconf 91' lang='lat' dir='ltr'>illos,</span> <span class='ocrx_word' id='word_1_129' title='bbox 1220 2033 1276 2114; x_wconf 94' lang='lat' dir='ltr'>qui</span> <span class='ocrx_word' id='word_1_130' title='bbox 1307 2043 1428 2098; x_wconf 91' lang='lat' dir='ltr'>contra</span> 
     </span>
     <span class='ocr_line' id='line_1_16' title="bbox 310 2123 1427 2207; baseline 0.002 -17"><span class='ocrx_word' id='word_1_131' title='bbox 310 2127 471 2192; x_wconf 81' lang='lat' dir='ltr'>Divinum</span> <span class='ocrx_word' id='word_1_132' title='bbox 488 2145 548 2207; x_wconf 89' lang='lat' dir='ltr'>per</span> <span class='ocrx_word' id='word_1_133' title='bbox 564 2123 752 2190; x_wconf 88' lang='lat' dir='ltr'>scientifica</span> <span class='ocrx_word' id='word_1_134' title='bbox 762 2123 963 2190; x_wconf 89' lang='lat' dir='ltr'>eruditionis</span> <span class='ocrx_word' id='word_1_135' title='bbox 979 2145 1059 2188; x_wconf 89' lang='lat' dir='ltr'>suae</span> <span class='ocrx_word' id='word_1_136' title='bbox 1076 2145 1112 2187; x_wconf 90' lang='lat' dir='ltr'>se</span> <span class='ocrx_word' id='word_1_137' title='bbox 1129 2123 1427 2192; x_wconf 87' lang='lat' dir='ltr'>confirmaverunt.</span> 
     </span>
     <span class='ocr_line' id='line_1_17' title="bbox 310 2217 1425 2304; baseline 0.004 -20"><span class='ocrx_word' id='word_1_138' title='bbox 310 2220 415 2286; x_wconf 87' lang='lat' dir='ltr'>Tales</span> <span class='ocrx_word' id='word_1_139' title='bbox 442 2221 477 2284; x_wconf 88' lang='lat' dir='ltr'>in</span> <span class='ocrx_word' id='word_1_140' title='bbox 506 2219 616 2284; x_wconf 88' lang='lat' dir='ltr'>altera</span> <span class='ocrx_word' id='word_1_141' title='bbox 634 2219 706 2284; x_wconf 91' lang='lat' dir='ltr'>vita</span> <span class='ocrx_word' id='word_1_142' title='bbox 734 2239 781 2284; x_wconf 88' lang='lat' dir='ltr'>ex</span> <span class='ocrx_word' id='word_1_143' title='bbox 806 2217 957 2300; x_wconf 85' lang='lat' dir='ltr'>jucundo</span> <span class='ocrx_word' id='word_1_144' title='bbox 979 2220 1145 2304; x_wconf 86' lang='lat' dir='ltr'>recipiunt</span> <span class='ocrx_word' id='word_1_145' title='bbox 1169 2240 1270 2286; x_wconf 90' lang='lat' dir='ltr'>omne</span> <span class='ocrx_word' id='word_1_146' title='bbox 1292 2221 1425 2300; x_wconf 86' lang='lat' dir='ltr'>falsum,</span> 
     </span>
     <span class='ocr_line' id='line_1_18' title="bbox 309 2311 1426 2398; baseline 0.005 -20"><span class='ocrx_word' id='word_1_147' title='bbox 309 2314 401 2398; x_wconf 89' lang='lat' dir='ltr'>quod</span> <span class='ocrx_word' id='word_1_148' title='bbox 421 2313 591 2380; x_wconf 89' lang='lat' dir='ltr'>imbibunt</span> <span class='ocrx_word' id='word_1_149' title='bbox 622 2313 711 2390; x_wconf 89' lang='lat' dir='ltr'>sicut</span> <span class='ocrx_word' id='word_1_150' title='bbox 741 2311 887 2396; x_wconf 85' lang='lat' dir='ltr'>spongia</span> <span class='ocrx_word' id='word_1_151' title='bbox 910 2333 1045 2396; x_wconf 88' lang='lat' dir='ltr'>aquam,</span> <span class='ocrx_word' id='word_1_152' title='bbox 1065 2325 1101 2380; x_wconf 90' lang='lat' dir='ltr'>et</span> <span class='ocrx_word' id='word_1_153' title='bbox 1130 2315 1301 2398; x_wconf 89' lang='lat' dir='ltr'>repellunt</span> <span class='ocrx_word' id='word_1_154' title='bbox 1322 2337 1426 2384; x_wconf 90' lang='lat' dir='ltr'>omne</span> 
     </span>
     <span class='ocr_line' id='line_1_19' title="bbox 309 2407 1424 2491; baseline 0.003 -17"><span class='ocrx_word' id='word_1_155' title='bbox 309 2429 437 2484; x_wconf 81' lang='lat' dir='ltr'>verum,</span> <span class='ocrx_word' id='word_1_156' title='bbox 458 2409 545 2474; x_wconf 89' lang='lat' dir='ltr'>sicut</span> <span class='ocrx_word' id='word_1_157' title='bbox 564 2407 675 2474; x_wconf 89' lang='lat' dir='ltr'>elater</span> <span class='ocrx_word' id='word_1_158' title='bbox 692 2428 812 2472; x_wconf 91' lang='lat' dir='ltr'>osseus</span> <span class='ocrx_word' id='word_1_159' title='bbox 834 2408 868 2472; x_wconf 93' lang='lat' dir='ltr'>id</span> <span class='ocrx_word' id='word_1_160' title='bbox 892 2409 981 2491; x_wconf 91' lang='lat' dir='ltr'>quod</span> <span class='ocrx_word' id='word_1_161' title='bbox 1001 2409 1142 2488; x_wconf 90' lang='lat' dir='ltr'>incidit;</span> <span class='ocrx_word' id='word_1_162' title='bbox 1165 2409 1289 2474; x_wconf 89' lang='lat' dir='ltr'>dicitur</span> <span class='ocrx_word' id='word_1_163' title='bbox 1308 2414 1424 2488; x_wconf 89' lang='lat' dir='ltr'>etiam,</span> 
     </span>
     <span class='ocr_line' id='line_1_20' title="bbox 309 2501 1426 2586; baseline 0.004 -18"><span class='ocrx_word' id='word_1_164' title='bbox 309 2503 402 2586; x_wconf 91' lang='lat' dir='ltr'>quod</span> <span class='ocrx_word' id='word_1_165' title='bbox 424 2503 587 2568; x_wconf 90' lang='lat' dir='ltr'>interiora</span> <span class='ocrx_word' id='word_1_166' title='bbox 609 2522 738 2576; x_wconf 88' lang='lat' dir='ltr'>eorum,</span> <span class='ocrx_word' id='word_1_167' title='bbox 758 2503 814 2584; x_wconf 90' lang='lat' dir='ltr'>qui</span> <span class='ocrx_word' id='word_1_168' title='bbox 838 2523 875 2566; x_wconf 88' lang='lat' dir='ltr'>se</span> <span class='ocrx_word' id='word_1_169' title='bbox 897 2501 1167 2568; x_wconf 88' lang='lat' dir='ltr'>confimaverunt</span> <span class='ocrx_word' id='word_1_170' title='bbox 1186 2515 1308 2570; x_wconf 89' lang='lat' dir='ltr'>contra</span> <span class='ocrx_word' id='word_1_171' title='bbox 1329 2506 1426 2572; x_wconf 91' lang='lat' dir='ltr'>Divi·</span> 
     </span>
     <span class='ocr_line' id='line_1_21' title="bbox 310 2596 1425 2680; baseline 0.004 -18"><span class='ocrx_word' id='word_1_172' title='bbox 310 2617 392 2662; x_wconf 91' lang='lat' dir='ltr'>num</span> <span class='ocrx_word' id='word_1_173' title='bbox 421 2607 457 2662; x_wconf 88' lang='lat' dir='ltr'>et</span> <span class='ocrx_word' id='word_1_174' title='bbox 487 2617 548 2680; x_wconf 89' lang='lat' dir='ltr'>pro</span> <span class='ocrx_word' id='word_1_175' title='bbox 577 2605 710 2672; x_wconf 90' lang='lat' dir='ltr'>natura,</span> <span class='ocrx_word' id='word_1_176' title='bbox 730 2596 903 2660; x_wconf 84' lang='lat' dir='ltr'>ossificata</span> <span class='ocrx_word' id='word_1_177' title='bbox 931 2599 1022 2662; x_wconf 88' lang='lat' dir='ltr'>sint:</span> <span class='ocrx_word' id='word_1_178' title='bbox 1055 2607 1159 2680; x_wconf 90' lang='lat' dir='ltr'>caput</span> <span class='ocrx_word' id='word_1_179' title='bbox 1181 2618 1298 2664; x_wconf 88' lang='lat' dir='ltr'>eorum</span> <span class='ocrx_word' id='word_1_180' title='bbox 1321 2601 1425 2666; x_wconf 87' lang='lat' dir='ltr'>etiam</span> 
     </span>
     <span class='ocr_line' id='line_1_22' title="bbox 308 2691 1424 2778; baseline 0.003 -20"><span class='ocrx_word' id='word_1_181' title='bbox 308 2701 451 2776; x_wconf 85' lang='lat' dir='ltr'>apparet</span> <span class='ocrx_word' id='word_1_182' title='bbox 467 2691 634 2756; x_wconf 89' lang='lat' dir='ltr'>callosum</span> <span class='ocrx_word' id='word_1_183' title='bbox 651 2691 738 2774; x_wconf 86' lang='lat' dir='ltr'>sicut¹</span> <span class='ocrx_word' id='word_1_184' title='bbox 754 2711 800 2755; x_wconf 84' lang='lat' dir='ltr'>ex</span> <span class='ocrx_word' id='word_1_185' title='bbox 811 2691 959 2766; x_wconf 71' lang='lat' dir='ltr'>²¹¹ebeno,</span> <span class='ocrx_word' id='word_1_186' title='bbox 977 2693 1068 2775; x_wconf 92' lang='lat' dir='ltr'>quod</span> <span class='ocrx_word' id='word_1_187' title='bbox 1085 2693 1251 2774; x_wconf 86' lang='lat' dir='ltr'>pertingit</span> <span class='ocrx_word' id='word_1_188' title='bbox 1268 2715 1372 2778; x_wconf 90' lang='lat' dir='ltr'>usque</span> <span class='ocrx_word' id='word_1_189' title='bbox 1392 2698 1424 2762; x_wconf 93' lang='lat' dir='ltr'>in</span> 
     </span>
     <span class='ocr_line' id='line_1_23' title="bbox 310 2785 1425 2870; baseline 0.002 -18"><span class='ocrx_word' id='word_1_190' title='bbox 310 2805 441 2862; x_wconf 86' lang='lat' dir='ltr'>nasum,</span> <span class='ocrx_word' id='word_1_191' title='bbox 463 2785 626 2850; x_wconf 88' lang='lat' dir='ltr'>iudicium</span> <span class='ocrx_word' id='word_1_192' title='bbox 656 2785 747 2869; x_wconf 92' lang='lat' dir='ltr'>quod</span> <span class='ocrx_word' id='word_1_193' title='bbox 777 2785 922 2868; x_wconf 92' lang='lat' dir='ltr'>amplius</span> <span class='ocrx_word' id='word_1_194' title='bbox 946 2787 1070 2850; x_wconf 90' lang='lat' dir='ltr'>nullius</span> <span class='ocrx_word' id='word_1_195' title='bbox 1093 2789 1322 2870; x_wconf 87' lang='lat' dir='ltr'>perceptionis</span> <span class='ocrx_word' id='word_1_196' title='bbox 1344 2791 1425 2856; x_wconf 85' lang='lat' dir='ltr'>sir&#39;rt.</span> 
     </span>
     <span class='ocr_line' id='line_1_24' title="bbox 309 2879 1423 2966; baseline 0.004 -20"><span class='ocrx_word' id='word_1_197' title='bbox 309 2879 377 2964; x_wconf 85' lang='lat' dir='ltr'>Qui</span> <span class='ocrx_word' id='word_1_198' title='bbox 395 2879 483 2946; x_wconf 90' lang='lat' dir='ltr'>tales</span> <span class='ocrx_word' id='word_1_199' title='bbox 501 2889 592 2956; x_wconf 90' lang='lat' dir='ltr'>sunt,</span> <span class='ocrx_word' id='word_1_200' title='bbox 610 2880 644 2944; x_wconf 92' lang='lat' dir='ltr'>in</span> <span class='ocrx_word' id='word_1_201' title='bbox 663 2881 857 2961; x_wconf 84' lang='lat' dir='ltr'>voragines,</span> <span class='ocrx_word' id='word_1_202' title='bbox 874 2900 961 2962; x_wconf 90' lang='lat' dir='ltr'>quae</span> <span class='ocrx_word' id='word_1_203' title='bbox 976 2891 1143 2963; x_wconf 87' lang='lat' dir='ltr'>apparent</span> <span class='ocrx_word' id='word_1_204' title='bbox 1163 2883 1251 2946; x_wconf 94' lang='lat' dir='ltr'>sicut</span> <span class='ocrx_word' id='word_1_205' title='bbox 1270 2883 1423 2966; x_wconf 91' lang='lat' dir='ltr'>paludes,</span> 
     </span>
     <span class='ocr_line' id='line_1_25' title="bbox 308 2973 1423 3060; baseline 0.002 -18"><span class='ocrx_word' id='word_1_206' title='bbox 308 2978 574 3060; x_wconf 87' lang='lat' dir='ltr'>immerguntur;</span> <span class='ocrx_word' id='word_1_207' title='bbox 598 2973 654 3037; x_wconf 91' lang='lat' dir='ltr'>ubi</span> <span class='ocrx_word' id='word_1_208' title='bbox 676 2995 697 3038; x_wconf 88' lang='lat' dir='ltr'>a</span> <span class='ocrx_word' id='word_1_209' title='bbox 719 2973 921 3056; x_wconf 87' lang='lat' dir='ltr'>phantasiis,</span> <span class='ocrx_word' id='word_1_210' title='bbox 938 2974 972 3038; x_wconf 92' lang='lat' dir='ltr'>in</span> <span class='ocrx_word' id='word_1_211' title='bbox 995 2995 1078 3057; x_wconf 87' lang='lat' dir='ltr'>quas</span> <span class='ocrx_word' id='word_1_212' title='bbox 1101 2973 1187 3040; x_wconf 85' lang='lat' dir='ltr'>salsa</span> <span class='ocrx_word' id='word_1_213' title='bbox 1208 2997 1325 3042; x_wconf 93' lang='lat' dir='ltr'>eorum</span> <span class='ocrx_word' id='word_1_214' title='bbox 1349 3001 1423 3044; x_wconf 88' lang='lat' dir='ltr'>ver·</span> 
     </span>
     <span class='ocr_line' id='line_1_26' title="bbox 308 3067 1423 3154; baseline 0.001 -18"><span class='ocrx_word' id='word_1_215' title='bbox 308 3081 438 3145; x_wconf 89' lang='lat' dir='ltr'>tuntur,</span> <span class='ocrx_word' id='word_1_216' title='bbox 458 3069 691 3150; x_wconf 83' lang='lat' dir='ltr'>exagitantur.</span> <span class='ocrx_word' id='word_1_217' title='bbox 736 3067 831 3150; x_wconf 83' lang='lat' dir='ltr'>ignis</span> <span class='ocrx_word' id='word_1_218' title='bbox 850 3086 967 3132; x_wconf 91' lang='lat' dir='ltr'>eorum</span> <span class='ocrx_word' id='word_1_219' title='bbox 986 3067 1159 3134; x_wconf 77' lang='lat' dir='ltr'>infernalis</span> <span class='ocrx_word' id='word_1_220' title='bbox 1177 3080 1231 3134; x_wconf 90' lang='lat' dir='ltr'>est</span> <span class='ocrx_word' id='word_1_221' title='bbox 1254 3073 1423 3154; x_wconf 89' lang='lat' dir='ltr'>cupiditas</span> 
     </span>
     <span class='ocr_line' id='line_1_27' title="bbox 308 3163 1422 3248; baseline 0.003 -19"><span class='ocrx_word' id='word_1_222' title='bbox 308 3164 437 3248; x_wconf 87' lang='lat' dir='ltr'>gloriae</span> <span class='ocrx_word' id='word_1_223' title='bbox 460 3173 496 3228; x_wconf 91' lang='lat' dir='ltr'>et</span> <span class='ocrx_word' id='word_1_224' title='bbox 522 3163 680 3236; x_wconf 91' lang='lat' dir='ltr'>nominis,</span> <span class='ocrx_word' id='word_1_225' title='bbox 704 3181 750 3224; x_wconf 90' lang='lat' dir='ltr'>ex</span> <span class='ocrx_word' id='word_1_226' title='bbox 780 3181 847 3244; x_wconf 89' lang='lat' dir='ltr'>qua</span> <span class='ocrx_word' id='word_1_227' title='bbox 868 3163 1060 3243; x_wconf 88' lang='lat' dir='ltr'>cupiditate</span> <span class='ocrx_word' id='word_1_228' title='bbox 1083 3183 1169 3226; x_wconf 91' lang='lat' dir='ltr'>unus</span> <span class='ocrx_word' id='word_1_229' title='bbox 1191 3165 1361 3230; x_wconf 89' lang='lat' dir='ltr'>invehitur</span> <span class='ocrx_word' id='word_1_230' title='bbox 1389 3170 1422 3232; x_wconf 92' lang='lat' dir='ltr'>in</span> 
     </span>
     <span class='ocr_line' id='line_1_28' title="bbox 308 3255 1421 3344; baseline 0.002 -19"><span class='ocrx_word' id='word_1_231' title='bbox 308 3259 465 3334; x_wconf 86' lang='lat' dir='ltr'>alterum,</span> <span class='ocrx_word' id='word_1_232' title='bbox 484 3266 585 3322; x_wconf 85' lang='lat' dir='ltr'>etex</span> <span class='ocrx_word' id='word_1_233' title='bbox 604 3255 758 3320; x_wconf 82' lang='lat' dir='ltr'>infernali</span> <span class='ocrx_word' id='word_1_234' title='bbox 776 3256 897 3319; x_wconf 87' lang='lat' dir='ltr'>ardore</span> <span class='ocrx_word' id='word_1_235' title='bbox 916 3257 1045 3321; x_wconf 90' lang='lat' dir='ltr'>cruciat</span> <span class='ocrx_word' id='word_1_236' title='bbox 1064 3257 1142 3320; x_wconf 89' lang='lat' dir='ltr'>illos</span> <span class='ocrx_word' id='word_1_237' title='bbox 1160 3258 1205 3322; x_wconf 92' lang='lat' dir='ltr'>ibi</span> <span class='ocrx_word' id='word_1_238' title='bbox 1224 3260 1335 3344; x_wconf 88' lang='lat' dir='ltr'>quise</span> <span class='ocrx_word' id='word_1_239' title='bbox 1354 3281 1421 3327; x_wconf 90' lang='lat' dir='ltr'>non</span> 
     </span>
     <span class='ocr_line' id='line_1_29' title="bbox 307 3349 1423 3432; baseline 0.001 -12"><span class='ocrx_word' id='word_1_240' title='bbox 307 3367 347 3420; x_wconf 95' lang='lat' dir='ltr'>ut</span> <span class='ocrx_word' id='word_1_241' title='bbox 366 3354 504 3418; x_wconf 88' lang='lat' dir='ltr'>numina</span> <span class='ocrx_word' id='word_1_242' title='bbox 519 3350 648 3426; x_wconf 91' lang='lat' dir='ltr'>colunt,</span> <span class='ocrx_word' id='word_1_243' title='bbox 662 3359 698 3414; x_wconf 91' lang='lat' dir='ltr'>et</span> <span class='ocrx_word' id='word_1_244' title='bbox 714 3349 779 3414; x_wconf 94' lang='lat' dir='ltr'>hoc</span> <span class='ocrx_word' id='word_1_245' title='bbox 796 3370 857 3432; x_wconf 88' lang='lat' dir='ltr'>per</span> <span class='ocrx_word' id='word_1_246' title='bbox 873 3350 965 3414; x_wconf 89' lang='lat' dir='ltr'>vices</span> <span class='ocrx_word' id='word_1_247' title='bbox 981 3371 1066 3414; x_wconf 92' lang='lat' dir='ltr'>unus</span> <span class='ocrx_word' id='word_1_248' title='bbox 1082 3351 1237 3416; x_wconf 89' lang='lat' dir='ltr'>alterum.</span> <span class='ocrx_word' id='word_1_249' title='bbox 1283 3353 1323 3418; x_wconf 92' lang='lat' dir='ltr'>ln</span> <span class='ocrx_word' id='word_1_250' title='bbox 1339 3355 1423 3421; x_wconf 89' lang='lat' dir='ltr'>talia</span> 
     </span>
     <span class='ocr_line' id='line_1_30' title="bbox 307 3443 1423 3536; baseline 0.001 -21"><span class='ocrx_word' id='word_1_251' title='bbox 307 3449 454 3515; x_wconf 83' lang='lat' dir='ltr'>vertitur</span> <span class='ocrx_word' id='word_1_252' title='bbox 475 3465 577 3510; x_wconf 90' lang='lat' dir='ltr'>omne</span> <span class='ocrx_word' id='word_1_253' title='bbox 604 3443 774 3508; x_wconf 91' lang='lat' dir='ltr'>eruditum</span> <span class='ocrx_word' id='word_1_254' title='bbox 804 3444 933 3520; x_wconf 90' lang='lat' dir='ltr'>mundi,</span> <span class='ocrx_word' id='word_1_255' title='bbox 958 3445 1050 3528; x_wconf 91' lang='lat' dir='ltr'>quod</span> <span class='ocrx_word' id='word_1_256' title='bbox 1073 3465 1142 3510; x_wconf 90' lang='lat' dir='ltr'>non</span> <span class='ocrx_word' id='word_1_257' title='bbox 1173 3447 1207 3510; x_wconf 92' lang='lat' dir='ltr'>in</span> <span class='ocrx_word' id='word_1_258' title='bbox 1234 3467 1270 3512; x_wconf 89' lang='lat' dir='ltr'>se</span> <span class='ocrx_word' id='word_1_259' title='bbox 1292 3452 1423 3536; x_wconf 89' lang='lat' dir='ltr'>recepit</span> 
     </span>
     <span class='ocr_line' id='line_1_31' title="bbox 307 3537 1214 3620; baseline -0.008 -12"><span class='ocrx_word' id='word_1_260' title='bbox 307 3542 419 3610; x_wconf 89' lang='lat' dir='ltr'>lucem</span> <span class='ocrx_word' id='word_1_261' title='bbox 438 3563 456 3605; x_wconf 92' lang='lat' dir='ltr'>e</span> <span class='ocrx_word' id='word_1_262' title='bbox 475 3537 572 3604; x_wconf 87' lang='lat' dir='ltr'>caelo</span> <span class='ocrx_word' id='word_1_263' title='bbox 587 3557 648 3620; x_wconf 89' lang='lat' dir='ltr'>per</span> <span class='ocrx_word' id='word_1_264' title='bbox 665 3538 879 3620; x_wconf 87' lang='lat' dir='ltr'>agnitionem</span> <span class='ocrx_word' id='word_1_265' title='bbox 898 3537 1022 3601; x_wconf 92' lang='lat' dir='ltr'>Divini.</span> <span class='ocrx_word' id='word_1_266' title='bbox 1213 3547 1214 3551; x_wconf 77' lang='grc'>’</span> 
     </span>
    </p>

    <p class='ocr_par' dir='ltr' id='par_1_3' title="bbox 306 3631 1422 4270">
     <span class='ocr_line' id='line_1_32' title="bbox 370 3631 1421 3720; baseline 0.005 -22"><span class='ocrx_word' id='word_1_267' title='bbox 370 3651 470 3720; x_wconf 74' lang='lat'>355·</span> <span class='ocrx_word' id='word_1_268' title='bbox 499 3631 602 3715; x_wconf 86' lang='lat' dir='ltr'>Quod</span> <span class='ocrx_word' id='word_1_269' title='bbox 632 3631 681 3696; x_wconf 92' lang='lat' dir='ltr'>illi</span> <span class='ocrx_word' id='word_1_270' title='bbox 711 3631 801 3696; x_wconf 88' lang='lat' dir='ltr'>tales</span> <span class='ocrx_word' id='word_1_271' title='bbox 825 3634 895 3696; x_wconf 88' lang='lat' dir='ltr'>sint</span> <span class='ocrx_word' id='word_1_272' title='bbox 923 3634 958 3696; x_wconf 93' lang='lat' dir='ltr'>in</span> <span class='ocrx_word' id='word_1_273' title='bbox 987 3633 1116 3697; x_wconf 90' lang='lat' dir='ltr'>mundo</span> <span class='ocrx_word' id='word_1_274' title='bbox 1144 3633 1319 3716; x_wconf 87' lang='lat' dir='ltr'>spirituali,</span> <span class='ocrx_word' id='word_1_275' title='bbox 1344 3657 1421 3703; x_wconf 92' lang='lat' dir='ltr'>cum</span> 
     </span>
     <span class='ocr_line' id='line_1_33' title="bbox 306 3727 1420 3810; baseline -0.004 -13"><span class='ocrx_word' id='word_1_276' title='bbox 306 3731 385 3797; x_wconf 90' lang='lat' dir='ltr'>illuc</span> <span class='ocrx_word' id='word_1_277' title='bbox 404 3729 545 3794; x_wconf 88' lang='lat' dir='ltr'>veniunt</span> <span class='ocrx_word' id='word_1_278' title='bbox 565 3735 644 3810; x_wconf 91' lang='lat' dir='ltr'>post</span> <span class='ocrx_word' id='word_1_279' title='bbox 662 3737 820 3802; x_wconf 91' lang='lat' dir='ltr'>mortem,</span> <span class='ocrx_word' id='word_1_280' title='bbox 840 3727 951 3790; x_wconf 90' lang='lat' dir='ltr'>solum</span> <span class='ocrx_word' id='word_1_281' title='bbox 974 3748 1019 3791; x_wconf 87' lang='lat' dir='ltr'>ex</span> <span class='ocrx_word' id='word_1_282' title='bbox 1042 3747 1085 3791; x_wconf 89' lang='lat' dir='ltr'>eo</span> <span class='ocrx_word' id='word_1_283' title='bbox 1107 3727 1265 3791; x_wconf 91' lang='lat' dir='ltr'>concludi</span> <span class='ocrx_word' id='word_1_284' title='bbox 1283 3739 1420 3809; x_wconf 90' lang='lat' dir='ltr'>potest;</span> 
     </span>
     <span class='ocr_line' id='line_1_34' title="bbox 308 3822 1420 3911; baseline -0.001 -21"><span class='ocrx_word' id='word_1_285' title='bbox 308 3826 399 3911; x_wconf 89' lang='lat' dir='ltr'>quod</span> <span class='ocrx_word' id='word_1_286' title='bbox 418 3835 499 3889; x_wconf 91' lang='lat' dir='ltr'>tunc</span> <span class='ocrx_word' id='word_1_287' title='bbox 514 3823 628 3888; x_wconf 90' lang='lat' dir='ltr'>omnia</span> <span class='ocrx_word' id='word_1_288' title='bbox 644 3841 730 3904; x_wconf 87' lang='lat' dir='ltr'>quae</span> <span class='ocrx_word' id='word_1_289' title='bbox 748 3823 782 3884; x_wconf 90' lang='lat' dir='ltr'>in</span> <span class='ocrx_word' id='word_1_290' title='bbox 800 3823 963 3886; x_wconf 88' lang='lat' dir='ltr'>memoria</span> <span class='ocrx_word' id='word_1_291' title='bbox 979 3822 1125 3886; x_wconf 88' lang='lat' dir='ltr'>naturali</span> <span class='ocrx_word' id='word_1_292' title='bbox 1140 3832 1231 3897; x_wconf 91' lang='lat' dir='ltr'>sunt,</span> <span class='ocrx_word' id='word_1_293' title='bbox 1248 3832 1284 3888; x_wconf 88' lang='lat' dir='ltr'>et</span> <span class='ocrx_word' id='word_1_294' title='bbox 1300 3825 1420 3890; x_wconf 91' lang='lat' dir='ltr'>imme·</span> 
     </span>
     <span class='ocr_line' id='line_1_35' title="bbox 307 3915 1421 4000; baseline -0.001 -15"><span class='ocrx_word' id='word_1_295' title='bbox 307 3923 400 3986; x_wconf 90' lang='lat' dir='ltr'>diate</span> <span class='ocrx_word' id='word_1_296' title='bbox 419 3915 599 4000; x_wconf 71' lang='lat' dir='ltr'>conjuntla</span> <span class='ocrx_word' id='word_1_297' title='bbox 615 3915 826 3980; x_wconf 87' lang='lat' dir='ltr'>sensualibus</span> <span class='ocrx_word' id='word_1_298' title='bbox 845 3917 1006 3998; x_wconf 89' lang='lat' dir='ltr'>corporis,</span> <span class='ocrx_word' id='word_1_299' title='bbox 1026 3927 1064 3982; x_wconf 90' lang='lat' dir='ltr'>ut</span> <span class='ocrx_word' id='word_1_300' title='bbox 1082 3927 1161 3981; x_wconf 88' lang='lat' dir='ltr'>sunt</span> <span class='ocrx_word' id='word_1_301' title='bbox 1180 3917 1264 3982; x_wconf 90' lang='lat' dir='ltr'>talia</span> <span class='ocrx_word' id='word_1_302' title='bbox 1281 3919 1421 3984; x_wconf 90' lang='lat' dir='ltr'>scienti-</span> 
     </span>
     <span class='ocr_line' id='line_1_36' title="bbox 306 4013 1421 4099; baseline -0.004 -17"><span class='ocrx_word' id='word_1_303' title='bbox 306 4015 381 4090; x_wconf 86' lang='lat' dir='ltr'>fica,</span> <span class='ocrx_word' id='word_1_304' title='bbox 399 4034 485 4099; x_wconf 91' lang='lat' dir='ltr'>quae</span> <span class='ocrx_word' id='word_1_305' title='bbox 508 4031 592 4076; x_wconf 90' lang='lat' dir='ltr'>mox</span> <span class='ocrx_word' id='word_1_306' title='bbox 614 4031 716 4094; x_wconf 91' lang='lat' dir='ltr'>supra</span> <span class='ocrx_word' id='word_1_307' title='bbox 738 4013 908 4075; x_wconf 89' lang='lat' dir='ltr'>recensita</span> <span class='ocrx_word' id='word_1_308' title='bbox 930 4021 1020 4086; x_wconf 89' lang='lat' dir='ltr'>sunt,</span> <span class='ocrx_word' id='word_1_309' title='bbox 1045 4013 1233 4094; x_wconf 88' lang='lat' dir='ltr'>quiescant,</span> <span class='ocrx_word' id='word_1_310' title='bbox 1257 4021 1293 4077; x_wconf 91' lang='lat' dir='ltr'>et</span> <span class='ocrx_word' id='word_1_311' title='bbox 1315 4015 1421 4078; x_wconf 90' lang='lat' dir='ltr'>modo</span> 
     </span>
     <span class='ocr_line' id='line_1_37' title="bbox 306 4105 1422 4191; baseline -0.003 -15"><span class='ocrx_word' id='word_1_312' title='bbox 306 4108 487 4176; x_wconf 89' lang='lat' dir='ltr'>rationalia</span> <span class='ocrx_word' id='word_1_313' title='bbox 505 4127 592 4191; x_wconf 90' lang='lat' dir='ltr'>quae</span> <span class='ocrx_word' id='word_1_314' title='bbox 614 4105 693 4168; x_wconf 89' lang='lat' dir='ltr'>inde</span> <span class='ocrx_word' id='word_1_315' title='bbox 712 4115 802 4180; x_wconf 90' lang='lat' dir='ltr'>sunt,</span> <span class='ocrx_word' id='word_1_316' title='bbox 822 4126 885 4188; x_wconf 93' lang='lat' dir='ltr'>pro</span> <span class='ocrx_word' id='word_1_317' title='bbox 907 4105 1119 4187; x_wconf 85' lang='lat' dir='ltr'>cogitatione</span> <span class='ocrx_word' id='word_1_318' title='bbox 1142 4115 1178 4170; x_wconf 93' lang='lat' dir='ltr'>et</span> <span class='ocrx_word' id='word_1_319' title='bbox 1200 4125 1263 4188; x_wconf 91' lang='lat' dir='ltr'>pro</span> <span class='ocrx_word' id='word_1_320' title='bbox 1285 4106 1422 4190; x_wconf 87' lang='lat' dir='ltr'>loquela</span> 
     </span>
     <span class='ocr_line' id='line_1_38' title="bbox 306 4199 1420 4270; baseline -0.004 0"><span class='ocrx_word' id='word_1_321' title='bbox 306 4207 352 4270; x_wconf 90' lang='lat' dir='ltr'>ibi</span> <span class='ocrx_word' id='word_1_322' title='bbox 370 4203 578 4268; x_wconf 88' lang='lat' dir='ltr'>inserviant:</span> <span class='ocrx_word' id='word_1_323' title='bbox 605 4199 709 4264; x_wconf 91' lang='lat' dir='ltr'>homo</span> <span class='ocrx_word' id='word_1_324' title='bbox 728 4200 818 4264; x_wconf 89' lang='lat' dir='ltr'>enim</span> <span class='ocrx_word' id='word_1_325' title='bbox 841 4219 956 4264; x_wconf 90' lang='lat' dir='ltr'>secum</span> <span class='ocrx_word' id='word_1_326' title='bbox 979 4200 1044 4264; x_wconf 85' lang='lat' dir='ltr'>fert</span> <span class='ocrx_word' id='word_1_327' title='bbox 1067 4219 1204 4264; x_wconf 89' lang='lat' dir='ltr'>omnem</span> <span class='ocrx_word' id='word_1_328' title='bbox 1221 4201 1420 4265; x_wconf 91' lang='lat' dir='ltr'>memoriam</span> 
     </span>
    </p>

    <p class='ocr_par' dir='ltr' id='par_1_4' title="bbox 282 4285 1421 4666">
     <span class='ocr_line' id='line_1_39' title="bbox 282 4285 1421 4378; baseline -0.004 -14"><span class='ocrx_word' id='word_1_329' title='bbox 282 4285 284 4292; x_wconf 44' lang='lat'><strong>¹</strong></span> <span class='ocrx_word' id='word_1_330' title='bbox 306 4295 508 4371; x_wconf 88' lang='lat' dir='ltr'>naturalem,</span> <span class='ocrx_word' id='word_1_331' title='bbox 528 4295 589 4360; x_wconf 87' lang='lat' dir='ltr'>sed</span> <span class='ocrx_word' id='word_1_332' title='bbox 609 4293 668 4360; x_wconf 92' lang='lat' dir='ltr'>illa</span> <span class='ocrx_word' id='word_1_333' title='bbox 685 4315 772 4378; x_wconf 87' lang='lat' dir='ltr'>quae</span> <span class='ocrx_word' id='word_1_334' title='bbox 794 4295 841 4358; x_wconf 91' lang='lat' dir='ltr'>ibi</span> <span class='ocrx_word' id='word_1_335' title='bbox 863 4303 955 4372; x_wconf 85' lang='lat' dir='ltr'>sunt,</span> <span class='ocrx_word' id='word_1_336' title='bbox 974 4313 1043 4358; x_wconf 93' lang='lat' dir='ltr'>non</span> <span class='ocrx_word' id='word_1_337' title='bbox 1063 4293 1126 4358; x_wconf 92' lang='lat' dir='ltr'>sub</span> <span class='ocrx_word' id='word_1_338' title='bbox 1148 4293 1218 4377; x_wconf 87' lang='lat' dir='ltr'>ejus</span> <span class='ocrx_word' id='word_1_339' title='bbox 1236 4295 1421 4360; x_wconf 88' lang='lat' dir='ltr'>intuitione</span> 
     </span>
     <span class='ocr_line' id='line_1_40' title="bbox 305 4388 1418 4472; baseline -0.004 -14"><span class='ocrx_word' id='word_1_340' title='bbox 305 4403 386 4458; x_wconf 88' lang='lat' dir='ltr'>sunt</span> <span class='ocrx_word' id='word_1_341' title='bbox 401 4401 438 4456; x_wconf 90' lang='lat' dir='ltr'>et</span> <span class='ocrx_word' id='word_1_342' title='bbox 456 4391 491 4454; x_wconf 92' lang='lat' dir='ltr'>in</span> <span class='ocrx_word' id='word_1_343' title='bbox 507 4389 757 4472; x_wconf 85' lang='lat' dir='ltr'>cogitationem</span> <span class='ocrx_word' id='word_1_344' title='bbox 768 4389 911 4453; x_wconf 88' lang='lat' dir='ltr'>veniunt</span> <span class='ocrx_word' id='word_1_345' title='bbox 926 4389 1015 4452; x_wconf 86' lang='lat' dir='ltr'>sicut</span> <span class='ocrx_word' id='word_1_346' title='bbox 1031 4388 1113 4452; x_wconf 92' lang='lat' dir='ltr'>dum</span> <span class='ocrx_word' id='word_1_347' title='bbox 1124 4389 1213 4452; x_wconf 82' lang='lat' dir='ltr'>vixit</span> <span class='ocrx_word' id='word_1_348' title='bbox 1228 4389 1263 4452; x_wconf 89' lang='lat' dir='ltr'>in</span> <span class='ocrx_word' id='word_1_349' title='bbox 1278 4389 1418 4464; x_wconf 89' lang='lat' dir='ltr'>mundo,</span> 
     </span>
     <span class='ocr_line' id='line_1_41' title="bbox 305 4482 1421 4570; baseline -0.003 -19"><span class='ocrx_word' id='word_1_350' title='bbox 305 4486 388 4552; x_wconf 87' lang='lat' dir='ltr'>nihil</span> <span class='ocrx_word' id='word_1_351' title='bbox 404 4493 525 4570; x_wconf 86' lang='lat' dir='ltr'>potest</span> <span class='ocrx_word' id='word_1_352' title='bbox 542 4484 622 4548; x_wconf 90' lang='lat' dir='ltr'>inde</span> <span class='ocrx_word' id='word_1_353' title='bbox 640 4483 853 4566; x_wconf 89' lang='lat' dir='ltr'>depromere,</span> <span class='ocrx_word' id='word_1_354' title='bbox 872 4491 909 4548; x_wconf 86' lang='lat' dir='ltr'>et</span> <span class='ocrx_word' id='word_1_355' title='bbox 927 4483 962 4546; x_wconf 93' lang='lat' dir='ltr'>in</span> <span class='ocrx_word' id='word_1_356' title='bbox 980 4482 1091 4546; x_wconf 91' lang='lat' dir='ltr'>lucem</span> <span class='ocrx_word' id='word_1_357' title='bbox 1110 4482 1322 4565; x_wconf 90' lang='lat' dir='ltr'>spiritualem</span> <span class='ocrx_word' id='word_1_358' title='bbox 1340 4503 1421 4566; x_wconf 88' lang='lat' dir='ltr'>pro·</span> 
     </span>
     <span class='ocr_line' id='line_1_42' title="bbox 304 4575 1415 4666; baseline -0.002 -20"><span class='ocrx_word' id='word_1_359' title='bbox 304 4581 405 4658; x_wconf 85' lang='lat' dir='ltr'>serre,</span> <span class='ocrx_word' id='word_1_360' title='bbox 424 4579 592 4666; x_wconf 90' lang='lat' dir='ltr'>quianon</span> <span class='ocrx_word' id='word_1_361' title='bbox 611 4588 692 4644; x_wconf 90' lang='lat' dir='ltr'>sunt</span> <span class='ocrx_word' id='word_1_362' title='bbox 722 4575 811 4642; x_wconf 90' lang='lat' dir='ltr'>illius</span> <span class='ocrx_word' id='word_1_363' title='bbox 834 4577 930 4656; x_wconf 91' lang='lat' dir='ltr'>lucis,</span> <span class='ocrx_word' id='word_1_364' title='bbox 951 4577 1011 4642; x_wconf 88' lang='lat' dir='ltr'>sed</span> <span class='ocrx_word' id='word_1_365' title='bbox 1030 4575 1212 4642; x_wconf 89' lang='lat' dir='ltr'>rationalia</span> <span class='ocrx_word' id='word_1_366' title='bbox 1233 4599 1294 4644; x_wconf 89' lang='lat' dir='ltr'>seu</span> <span class='ocrx_word' id='word_1_367' title='bbox 1316 4579 1415 4645; x_wconf 88' lang='lat' dir='ltr'>intel·</span> 
     </span>
    </p>
   </div>
   <div class='ocr_carea' id='block_1_3' title="bbox 0 0 1708 5358">
    <p class='ocr_par' dir='ltr' id='par_1_5' title="bbox 0 0 1708 5358">
     <span class='ocr_line' id='line_1_43' title="bbox 0 0 1708 5358; baseline 0 3"><span class='ocrx_word' id='word_1_368' title='bbox 0 0 1708 5358; x_wconf 95' lang='lat' dir='ltr'> </span> 
     </span>
    </p>
   </div>
  </div>
 </body>
</html>
