3350 5366
265 641 315 691 DE
328 638 582 701 APPARENTIA,
592 637 679 690 st
692 637 740 690 ΕΤ
752 637 1020 694 PLURALITATE
1032 636 1298 698 trtFERNORUM.
1318 638 1381 706 377

262 815 340 875 cum
359 811 595 894 inspiciuntur,
614 819 783 894 apparent
800 829 931 892 opacae
947 817 982 884 et
1001 807 1135 880 furvam
1159 809 1222 878 sed
1238 809 1385 879 intena-

260 907 313 970 ies
324 908 473 990 spiritus,
486 909 543 989 qui
560 907 652 982 inibi,
666 909 701 971 in
715 906 778 972 tali
795 905 966 974 luminoso
978 915 1069 980 sunt,
1081 904 1183 987 quale
1200 915 1253 975 est
1270 925 1315 968 ex
1332 905 1383 990 ig-

262 1003 342 1066 nitis
359 1002 564 1066 carbonibus
580 1024 588 1080 ;
611 1003 667 1066 isti
683 1001 801 1070 lumini
817 1000 1015 1084 recipiendo
1030 1000 1285 1069 accommodati
1303 1009 1384 1074 sunt

261 1097 349 1160 oculi
372 1097 531 1174 illorum;
562 1106 599 1160 et
628 1096 694 1162 hoc
724 1117 771 1160 ex
800 1116 915 1170 causa,
939 1096 1028 1178 quia,
1053 1094 1134 1164 dum
1158 1097 1320 1164 vixerunt
1350 1095 1383 1160 in

261 1192 400 1267 mundo,
425 1193 460 1254 in
490 1191 638 1273 caligine
661 1192 796 1258 luerunt
819 1190 933 1272 quoad
957 1190 1082 1264 Divina
1104 1211 1197 1266 vera,
1221 1190 1384 1272 negando

260 1287 331 1363 iila,
346 1297 386 1351 et
405 1287 500 1369 quasi
522 1287 557 1350 in
580 1286 707 1352 lumine
727 1287 840 1368 quoad
856 1284 953 1362 falsa,
971 1283 1175 1351 affirmando
1199 1305 1262 1364 ea;
1292 1287 1383 1352 unde

259 1384 352 1445 visus
369 1382 545 1446 oculorum
564 1381 699 1448 illorum
717 1383 770 1448 ita
786 1381 950 1448 samatus
966 1389 1040 1446 est:
1065 1381 1144 1447 inde
1163 1401 1297 1464 qunque
1316 1391 1381 1463 est,

259 1476 352 1560 quod
369 1476 431 1539 lux
448 1477 535 1540 caeli
553 1477 621 1540 illis
640 1477 754 1558 caligo
773 1477 841 1554 sit;
864 1495 969 1558 quare
984 1495 1062 1545 cum
1081 1484 1213 1543 exeunt
1233 1475 1302 1541 suis
1321 1495 1382 1543 an.-

259 1573 332 1646 tris,
349 1571 434 1634 nibil
446 1571 577 1636 vident.
622 1570 680 1636 Ex
695 1571 819 1654 quibus
829 1569 1017 1636 clarissime
1030 1571 1155 1651 patuit,
1169 1571 1261 1653 quod
1277 1569 1382 1638 homo

258 1675 396 1730 tuntum
415 1667 450 1730 iu
468 1667 580 1730 lucem
599 1666 686 1730 caeli
706 1667 823 1732 veniat
842 1676 1007 1746 quantum
1026 1666 1187 1748 agnoscit
1207 1665 1381 1743 Divinum,

257 1771 293 1825 et
311 1759 493 1826 confirmat
513 1762 604 1841 apud
623 1782 659 1824 se
680 1759 740 1824 illa
758 1779 845 1842 quae
866 1759 954 1826 caeli
974 1769 1011 1824 et
1032 1759 1199 1826 ecclesiae
1218 1770 1320 1827 sunt:
1345 1769 1381 1826 et

257 1857 349 1938 quod
371 1867 511 1920 tantum
532 1857 566 1918 in
589 1855 774 1936 caliginem
797 1855 918 1926 inferni
940 1856 1070 1930 veniat,
1090 1863 1254 1936 quantum
1274 1865 1381 1936 negat

258 1951 430 2027 Divinum,
450 1961 487 2015 et
509 1950 691 2017 confirmat
714 1951 805 2033 apud
836 1971 874 2017 se
899 1971 942 2016 ea
968 1971 1054 2034 quae
1077 1959 1159 2015 sunt
1180 1959 1304 2014 contra
1322 1950 1381 2019 illa

256 2067 343 2129 quae
362 2047 449 2110 caeli
464 2056 502 2110 et
523 2045 693 2112 ecclesiae
712 2054 803 2112 runt.

319 2139 420 2223 585.
449 2140 645 2223 Aper-turae
661 2161 723 2206 seu
736 2149 858 2222 portae
874 2140 918 2205 ad
935 2139 1076 2218 inferna,
1088 2161 1177 2223 quae
1194 2140 1257 2204 sub
1269 2138 1379 2224 plani·

256 2236 368 2300 tiabus
396 2246 433 2300 et
461 2235 618 2310 vallibus,
647 2236 691 2300 ad
724 2233 901 2316 aspectum
931 2245 1099 2317 apparent
1129 2235 1378 2300 diversimode:

255 2331 424 2414 quaedam
438 2331 568 2398 similes
580 2331 648 2396 illis
663 2351 750 2413 quae
766 2330 831 2396 sub
846 2331 1031 2406 montibus,
1047 2329 1193 2394 collibus
1204 2340 1243 2394 et
1259 2332 1377 2414 petris,

255 2427 423 2508 quaedam
453 2427 541 2490 sicut
566 2435 667 2490 antra
695 2434 731 2490 et
761 2445 941 2500 cavernae,
961 2425 1131 2506 quaedam
1154 2427 1242 2490 sicut
1265 2425 1379 2493 hiatus

255 2522 370 2602 magni
396 2530 433 2585 et
460 2521 653 2602 voragines,
674 2520 844 2606 quaedam
863 2520 950 2584 sicut
978 2519 1131 2602 paludes,
1151 2529 1187 2584 et
1211 2521 1378 2604 quaedam

254 2617 343 2680 sicut
358 2626 485 2698 stagna
501 2634 674 2698 aquarum.
716 2613 848 2680 Omnes
864 2625 945 2680 sunt
961 2624 1157 2696 coopertae,
1172 2636 1234 2680 nec
1254 2626 1378 2700 patent

253 2711 317 2774 nisi
333 2731 410 2778 curn
426 2710 507 2774 mali
524 2711 662 2792 spiritus
680 2730 699 2774 e
719 2711 848 2774 mundo
867 2710 1046 2791 spirituum
1066 2709 1145 2775 illuc
1161 2710 1375 2792 injiciuntur:

253 2825 399 2889 cumque
418 2815 551 2887 patent,
571 2803 755 2870 exhalatur
774 2805 853 2870 inde
876 2804 932 2868 vel
956 2806 1045 2868 sicut
1064 2805 1153 2886 ignis
1176 2825 1253 2868 cum
1272 2805 1376 2886 sumo,

253 2901 362 2984 qualis
381 2911 526 2983 apparet
550 2901 584 2964 in
602 2921 680 2964 aere
699 2919 744 2964 ex
764 2900 941 2974 incendiis,
959 2898 1014 2964 vel
1037 2900 1126 2963 sicut
1145 2899 1281 2964 flamma
1296 2902 1375 2966 abs-

252 3017 318 3078 que
340 2995 455 3074 ium03
478 2996 535 3059 vel
557 2996 645 3062 sicut
667 2993 776 3076 fuligo
798 2995 907 3077 qualis
925 3015 972 3058 ex
990 2995 1132 3062 incenso
1151 2995 1300 3070 camino,
1319 2996 1376 3062 vel

192 3112 198 3122 ·
252 3091 340 3155 sicut
356 3090 491 3154 nimbus
506 3111 546 3154 ac
567 3091 675 3154 nubes
693 3089 811 3157 densa.
854 3089 1025 3154 Auditum
1044 3098 1099 3154 est
1118 3090 1210 3171 quod
1228 3090 1374 3158 inferna·

252 3186 303 3249 les
320 3187 459 3267 spiritus
473 3185 535 3249 illa
550 3205 619 3250 non
635 3185 788 3261 videant,
804 3205 867 3250 nec
884 3186 1048 3260 sentiant,
1066 3185 1145 3266 quia
1158 3204 1237 3248 cum
1256 3187 1290 3253 in
1306 3187 1375 3250 illis

252 3291 343 3357 sunt,
362 3283 452 3346 sieut
475 3283 510 3344 in
532 3301 594 3344 sua
612 3280 859 3360 atmosphaera
877 3290 969 3355 sunt,
989 3289 1025 3344 et
1048 3281 1097 3344 sic
1120 3280 1154 3342 in
1177 3300 1258 3344 suae
1281 3281 1374 3346 vitae

252 3374 419 3454 iucund03
452 3384 489 3440 et
517 3375 584 3438 hoc
606 3395 653 3440 ex
676 3394 791 3448 causa,
811 3375 890 3456 quia
912 3374 1185 3454 correspondent
1208 3375 1307 3438 malis
1337 3387 1374 3444 et

251 3469 344 3534 salsis
365 3472 400 3534 iu
423 3470 545 3552 quibus
564 3479 668 3547 sunt;
694 3488 829 3550 nempe,
849 3469 939 3549 ignis
956 3469 1037 3532 odio
1060 3478 1097 3532 et
1119 3467 1302 3544 vindictae,
1322 3472 1372 3534 iu·

251 3585 325 3629 mus
340 3573 376 3630 et
396 3565 505 3646 fuligo
524 3563 617 3629 falsis
647 3584 692 3628 ex
722 3564 800 3638 illis,
821 3563 959 3630 flamma
976 3563 1077 3630 malis
1095 3565 1221 3631 amoris
1251 3566 1313 3642 sui,
1332 3586 1372 3632 ac

251 3661 384 3724 nimbus
402 3671 439 3724 et
457 3660 567 3724 densa
585 3659 695 3724 nubes
712 3658 805 3724 salsis
822 3659 913 3724 inde.

313 3754 417 3837 58⁶.
447 3754 577 3818 Datum
596 3755 702 3818 etiam
720 3763 775 3818 est
798 3754 966 3834 inspicere
985 3753 1019 3816 in
1038 3753 1179 3828 inferna,
1196 3773 1236 3818 ac
1256 3755 1372 3831 videre

250 3850 364 3933 qualia
382 3859 462 3912 sunt
485 3850 601 3926 intus3
635 3867 716 3915 nam
746 3867 824 3914 cum
844 3848 995 3912 Domino
1018 3849 1235 3931 beneplacet,
1254 3861 1372 3932 potest

250 3945 389 4026 spiritus
411 3953 448 4007 et
470 3941 626 4024 angelus,
646 3943 703 4024 qui
726 3962 828 4024 supra
845 3951 911 4016 est,
936 3942 1009 4010 visu
1028 3951 1209 4024 penetrare
1232 3945 1266 4006 in
1290 3945 1369 4020 ima,

250 4059 290 4105 ac
320 4039 465 4105 lustrare
488 4037 603 4120 qualia
632 4047 725 4111 sunt,
745 4057 814 4103 non
844 4037 1066 4102 obstantibus
1095 4039 1288 4120 operturis:
1321 4040 1372 4106 ita

249 4153 384 4217 quoque
404 4133 486 4196 mihi
502 4133 622 4199 datum
642 4141 696 4196 est
715 4133 747 4199 in
767 4133 827 4197 illa
843 4133 1076 4214 introspicere.
1122 4131 1302 4213 Quaedam
1318 4135 1369 4200 in·

249 4229 343 4294 ferna
357 4237 589 4311 apparuerunt
608 4229 652 4292 ad
669 4225 846 4310 aspectum
866 4229 953 4293 sicut
971 4247 1138 4292 cavernae
1158 4237 1195 4290 et
1211 4237 1312 4292 antra
1334 4230 1370 4294 in

249 4326 386 4404 rupibus
401 4325 583 4390 tendentia
597 4324 793 4397 introrsum,
807 4343 847 4386 ac
863 4321 943 4386 inde
959 4342 1094 4406 quoque
1110 4324 1144 4388 in
1163 4323 1369 4406 profundum

249 4418 386 4501 oblique
403 4419 460 4482 vel
483 4418 743 4484 diametraliter.
790 4416 969 4498 Quaedam
989 4417 1119 4482 inferna
1138 4427 1369 4501 apparuerunt

249 4515 292 4577 ad
311 4511 490 4595 aspedtum
509 4513 632 4583 similia
650 4513 765 4578 lustris
789 4523 825 4577 et
847 4513 1030 4593 speluncis,
1050 4511 1169 4595 quales
1187 4522 1267 4576 sunt
1290 4513 1368 4579 seris

249 4609 282 4672 in
303 4608 408 4674 silvis.
452 4606 633 4691 Quaedam
657 4609 780 4680 similia
799 4606 967 4676 lacunatis
987 4609 1143 4673 cavernis
1172 4617 1208 4672 et
1235 4609 1365 4696 cryptis
