3382 5358
287 692 345 740 102
606 691 656 742 DE
680 689 807 743 CAELO
830 691 879 742 ET
902 687 1085 742 INFERNO.

346 877 435 948 172·
466 859 536 927 Sed
557 860 617 926 illa
635 883 723 946 quae
745 862 780 926 in
803 861 909 926 caelis
927 871 1108 946 apparent,
1128 861 1271 928 tametsi
1289 861 1405 946 quoad

282 957 428 1024 multam
446 967 583 1042 partem
599 957 722 1022 similia
739 967 819 1022 sunt
837 957 905 1022 illis
923 959 1061 1042 quaein
1080 958 1191 1034 terris,
1209 977 1316 1042 usque
1334 977 1405 1023 non

282 1056 406 1120 similia
428 1065 508 1120 sunt
532 1055 645 1139 quoad
668 1056 868 1130 essentiam,
888 1055 1045 1118 existunt
1064 1054 1155 1119 enlm
1179 1053 1240 1119 illa
1261 1075 1348 1136 quae
1371 1054 1406 1118 in

282 1153 387 1217 caelis
403 1173 449 1217 ex
466 1151 546 1217 Sole
563 1151 661 1226 caeli,
678 1160 714 1216 et
733 1171 821 1234 quae
839 1153 872 1214 in
890 1151 990 1214 terris
1005 1171 1051 1214 ex
1068 1150 1141 1214 sole
1158 1151 1295 1229 mundi;
1318 1171 1406 1234 quae

282 1269 327 1312 ex
345 1247 425 1312 Sole
441 1246 528 1311 caeli
544 1247 712 1322 existunt,
725 1247 884 1310 dicuntur
893 1245 1101 1330 spiritualia;
1126 1267 1213 1330 quae
1228 1255 1343 1310 autem
1359 1266 1406 1310 ex

282 1343 355 1407 sole
375 1343 503 1418 mundi,
525 1343 684 1406 dicuntur
703 1341 883 1405 naturalia.

346 1453 437 1522 173.
468 1436 534 1501 llla
552 1441 638 1520 quae
657 1437 691 1500 in
711 1437 815 1501 caelis
835 1437 1004 1511 existunt,
1023 1456 1092 1500 non
1111 1437 1269 1500 existunt
1285 1434 1405 1500 simili-

282 1542 335 1597 ter
357 1534 445 1596 sicut
469 1531 528 1596 illa
550 1553 637 1616 quae
664 1533 698 1595 in
721 1532 842 1610 terris;
876 1533 911 1596 in
935 1531 1039 1594 caelis
1059 1533 1175 1596 omnia
1197 1533 1355 1596 existunt
1384 1551 1406 1596 a

282 1627 432 1691 Domino
442 1628 630 1691 secundum
641 1626 966 1710 correspondentias
977 1646 1055 1690 curn
1068 1627 1286 1690 interioribus
1296 1647 1405 1710 ange·

281 1723 412 1800 lorum;
436 1731 518 1788 sunt
538 1717 630 1786 enim
649 1721 784 1804 angelis
802 1722 967 1786 interiora
985 1730 1021 1786 et
1040 1722 1236 1800 exteriora;
1260 1743 1349 1805 quae
1368 1723 1403 1786 in

281 1818 498 1880 interioribus
517 1817 652 1881 illorum
672 1827 762 1892 sunt,
777 1837 816 1881 se
833 1816 983 1880 referunt
1000 1817 1116 1881 omnia
1134 1817 1177 1880 ad
1196 1835 1350 1880 amorem
1368 1826 1406 1882 et

281 1911 394 1986 fldem,
415 1913 464 1975 ita
487 1913 529 1975 ad
549 1911 768 1976 voluntatem
788 1922 823 1976 et
845 1909 1069 1987 intellettum,
1090 1931 1169 1975 narn
1187 1911 1350 1976 voluntas
1368 1922 1405 1976 et

281 2004 479 2071 intelleftus
495 2017 575 2071 sunt
591 2006 812 2090 receptacula
825 2006 983 2085 illorum;
1007 2008 1182 2070 exteriora
1195 2017 1312 2070 autem
1328 2025 1405 2071 cor·

280 2104 493 2185 respondent
520 2103 758 2166 interioribus:
792 2103 884 2185 quod
915 2103 1090 2166 exteriora
1112 2103 1406 2184 correspondeant

232 2240 236 2249 -
280 2197 510 2272 interioribus,
541 2198 700 2262 videatur
729 2217 831 2281 supra
865 2196 912 2280 (n.
937 2196 1091 2281 87-115).
1138 2197 1307 2262 illustrari
1338 2197 1403 2263 hoc

280 2304 398 2376 potest
418 2313 464 2358 ex
483 2291 550 2358 illis
568 2313 657 2376 quae
675 2313 777 2376 supra
800 2294 854 2358 De
878 2292 1001 2358 Calore
1023 2303 1060 2358 et
1084 2292 1178 2358 Luce
1198 2292 1293 2358 Caeli
1312 2290 1405 2357 dieta

280 2400 380 2466 sunt;
404 2389 497 2472 quod
516 2387 649 2470 angelis
667 2388 764 2452 calor
786 2389 832 2452 sit
856 2389 1043 2452 secundum
1061 2385 1163 2471 quale
1181 2391 1306 2452 amoris
1325 2388 1404 2452 illo-

280 2503 365 2559 rum,
385 2493 421 2547 et
444 2483 505 2548 lux
524 2483 711 2548 secundum
730 2483 832 2566 quale
854 2483 1047 2565 sapientiae
1065 2483 1214 2559 illorum,
1234 2484 1402 2560 videatur,

281 2597 313 2640 n.
333 2579 487 2658 128-134.
532 2576 697 2642 Similiter
715 2577 845 2662 reliqua
867 2597 953 2662 quae
976 2597 1094 2642 coram
1117 2580 1273 2643 sensibus
1295 2597 1403 2660 ange·

280 2673 390 2736 lorum
409 2683 588 2756 apparent.

343 2781 438 2852 174.
467 2767 553 2832 Cum
570 2767 652 2832 mihi
668 2767 788 2832 datum
804 2777 859 2832 est
875 2787 953 2832 cum
969 2767 1102 2851 angelis
1118 2789 1194 2832 esse
1210 2769 1244 2832 in
1261 2789 1403 2834 consor·

279 2862 340 2934 tio.
361 2864 435 2926 visa
453 2862 536 2926 mihi
554 2873 634 2927 sunt
653 2861 723 2940 illa,
743 2883 831 2946 quae
849 2863 906 2939 ibi,
923 2883 1060 2946 prorsus
1076 2865 1165 2928 sicut
1185 2863 1245 2928 illa
1263 2865 1402 2947 quaein

279 2958 419 3033 mundo,
440 2967 476 3022 et
495 2967 567 3021 tam
581 2957 853 3041 perceptibiliter
871 2967 908 3022 ut
928 2978 998 3021 non
1014 2959 1169 3022 sciverim
1186 2958 1286 3022 aliter
1300 2978 1403 3042 quarn

278 3053 370 3135 quod
389 3053 423 3116 in
443 3053 573 3117 mundo
589 3073 712 3128 essem,
733 3063 769 3117 et
787 3053 834 3116 ibi
857 3054 890 3116 in
910 3053 988 3118 aula
1006 3054 1117 3137 regis:
1141 3052 1276 3117 locutus
1296 3055 1402 3118 etiam

278 3167 356 3211 cum
375 3147 453 3224 illis,
474 3149 563 3212 sicut
583 3147 690 3212 homo
708 3167 786 3213 cum
804 3147 955 3213 bomine.

342 3255 434 3325 173·
464 3241 636 3326 Quoniam
652 3245 769 3307 omnia
784 3264 872 3327 quae
887 3243 1105 3308 interioribus
1117 3243 1400 3326 correspondent,

278 3339 384 3402 etiam
406 3349 671 3422 repraesentant
694 3338 764 3415 illa,
784 3339 865 3402 ideo
886 3349 1056 3403 vocantur
1073 3339 1402 3420 Repraesentatr'va,·

277 3443 314 3496 et
332 3434 412 3516 quia
429 3435 605 3499 variantur
623 3435 812 3502 secundum
831 3443 963 3498 statum
982 3435 1182 3498 interiorum
1200 3435 1291 3516 apud
1311 3433 1401 3512 illos,

277 3529 357 3592 ideo
378 3539 548 3594 vocantur
568 3529 829 3612 Apparentrboe
863 3531 1007 3594 tametsi
1039 3529 1100 3592 illa
1121 3549 1210 3612 quae
1233 3538 1402 3612 apparent

277 3643 394 3688 coram
411 3623 518 3688 oculis
534 3623 736 3708 angelorum
755 3625 789 3688 in
806 3623 923 3699 caelis,
941 3635 977 3689 et
998 3625 1229 3707 percipiuntur
1245 3625 1402 3687 sensibus

276 3719 424 3794 illorum,
445 3720 495 3783 ita
516 3720 561 3783 ad
584 3719 698 3783 vivum
717 3728 887 3802 apparent
911 3729 947 3784 et
971 3719 1214 3802 percipiuntur,
1234 3720 1323 3782 sicut
1342 3718 1402 3782 illa

276 3834 364 3898 quae
382 3815 417 3878 in
433 3813 558 3879 tellure
576 3814 621 3879 ab
636 3813 788 3890 homine,
806 3815 913 3878 immo
929 3814 1041 3878 multo
1056 3814 1192 3889 clarius,
1206 3811 1401 3878 distint‘tius

276 3919 312 3973 et
332 3908 600 3991 perceptibilius.
646 3908 897 3992 Apparentiae,
917 3929 1004 3993 quae
1026 3910 1061 3972 in
1084 3909 1190 3972 caelis
1209 3909 1289 3972 inde
1307 3917 1399 3982 sunt,

276 4004 436 4068 dicuntur
447 4002 682 4084 apparentiae
692 4003 809 4080 reales,
822 4005 902 4088 quia
920 4003 1059 4068 realiter
1070 4005 1249 4068 existunt:
1274 4003 1401 4066 dantur

276 4100 382 4162 etiam
401 4099 626 4182 apparentiae
644 4119 713 4163 non
732 4099 855 4174 reales,
872 4120 959 4183 quae
978 4107 1059 4163 sunt
1077 4097 1138 4163 illa
1155 4119 1243 4183 quae
1261 4101 1400 4183 quidem

275 4203 456 4276 apparent,
477 4194 539 4258 sed
558 4213 627 4258 non
646 4195 921 4278 correspondent
939 4195 1158 4260 interioribus
1169 4191 1248 4274 ;l·¹'⁸l
1272 4195 1334 4260 sed
1357 4195 1401 4260 de

276 4289 328 4352 his
346 4289 381 4352 in
400 4289 634 4374 sequentibus.

681 4562 721 4618 (ιι
734 4564 1006 4620 mannua-ml

329 4677 413 4746 (nnn)
441 4675 531 4750 Quod
539 4676 643 4733 omnia
651 4691 729 4750 quae
738 4677 817 4750 apud
827 4677 952 4750 angelos
962 4689 1116 4748 apparent.
1125 4678 1187 4734 sint
1198 4685 1402 4749 repraesenta·
