3382 5358
270 651 332 718 134
599 646 650 698 us
673 644 800 700 cnauo
820 645 868 696 ur
892 645 1074 698 ruranuo.
1118 707 1120 712 ¹

263 815 355 902 quod
389 814 651 898 intelligentius,
675 817 754 902 quia
780 817 922 880 interius
945 837 965 880 a
987 816 1211 898 cogitatione,
1230 815 1320 882 inter
1349 835 1387 884 sc

263 911 448 998 loquantur
463 931 564 995 quarn
581 911 747 976 homines.
793 911 921 976 Datum
938 921 992 976 est
1008 911 1089 975 rnihi
1105 933 1208 994 saepe
1227 911 1388 978 cumillis

262 1009 297 1072 in
325 1009 501 1072 consortio
530 1028 617 1083 esse,
642 1017 678 1072 et
709 1005 801 1090 loqui
831 1028 909 1072 curn
939 1007 1005 1070 illis
1032 1008 1121 1071 sicut
1151 1009 1281 1072 amicus
1309 1027 1386 1072 curn

263 1104 386 1178 amico,
407 1112 443 1168 et
467 1101 673 1186 quandoque
695 1103 784 1166 sicut
807 1102 947 1184 ignotus
970 1122 1047 1166 cunt
1071 1103 1213 1184 ignoto;
1243 1113 1280 1168 et
1303 1113 1385 1168 tunc

262 1199 341 1282 quia
366 1199 399 1262 in
427 1209 522 1262 statu
549 1197 649 1262 simili
676 1217 753 1261 curn
780 1196 846 1260 illis
873 1197 930 1273 fui,
950 1217 1019 1262 non
1047 1199 1130 1262 scivi
1157 1198 1258 1262 aliter
1283 1217 1383 1283 quam

262 1293 354 1376 quod
371 1313 448 1357 curn
464 1291 657 1356 hominibus
676 1293 709 1356 in
729 1291 853 1356 tellure
873 1291 1038 1376 loquerer.

327 1402 423 1472 235·
454 1387 610 1470 Loquela
633 1387 790 1470 angelica
813 1409 921 1470 aeque
945 1385 1109 1452 distinfta
1132 1397 1186 1452 est
1212 1389 1245 1452 in
1270 1408 1385 1464 voces,

262 1483 351 1546 sicut
374 1483 512 1566 loquela
534 1482 684 1546 humana
696 1504 704 1560 ;
734 1483 839 1548 etiam
859 1503 966 1566 aeque
990 1503 1114 1547 sonore
1133 1483 1332 1548 enuntiatur
1350 1495 1386 1550 et

261 1598 385 1642 sonore
401 1579 556 1656 auditur;
580 1590 660 1642 sunt
677 1579 767 1642 enirn
787 1578 854 1642 illis
871 1599 978 1660 aeque
995 1599 1045 1650 os,
1063 1577 1190 1662 lingua,
1208 1589 1245 1644 et
1261 1600 1362 1644 aures
1377 1599 1386 1657 ;

261 1682 298 1736 et
317 1693 453 1756 quoque
476 1673 541 1736 illis
565 1684 617 1736 est
641 1673 896 1756 atmosphaera,
917 1675 949 1736 in
969 1695 1036 1756 qua
1058 1673 1260 1738 articulatur
1282 1695 1386 1740 sonus

264 1767 423 1850 loquelae
452 1768 607 1846 illorum;
640 1768 701 1832 sed
731 1779 783 1832 est
811 1769 1054 1850 atmosphaera
1081 1769 1279 1852 spiritualis,
1299 1790 1387 1853 quae

262 1863 527 1928 accommodata
545 1874 598 1928 est
618 1863 752 1946 angelis
768 1865 823 1948 qui
844 1864 1056 1946 spirituales:
1089 1865 1258 1946 respirant
1281 1865 1386 1930 etiam

262 1959 376 2042 angeli
406 1961 440 2024 in
469 1981 531 2024 sua
559 1959 813 2041 atmosphaera,
834 1970 870 2024 et
894 1959 1007 2024 media
1029 1960 1254 2042 respiratione
1277 1959 1386 2026 edunt

263 2075 377 2131 voces,
398 2056 485 2120 sicut
504 2055 661 2120 homines
680 2055 713 2118 in
734 2051 841 2120 suari>
1333 2115 1336 2124 .

327 2151 427 2232 236.
458 2149 523 2216 Est
546 2152 705 2214 omnibus
729 2173 797 2215 una
819 2151 936 2233 lingua
960 2151 993 2214 in
1017 2151 1176 2216 universo
1200 2149 1318 2230 caelo;
1349 2171 1386 2216 se

262 2265 382 2310 omnes
394 2245 594 2328 intelligunt
610 2267 629 2310 e
645 2236 846 2330 quacunque
863 2247 1030 2312 societate
1046 2256 1137 2322 sunt,
1152 2247 1223 2310 sive
1240 2268 1258 2310 e
1275 2247 1387 2310 vicina

262 2342 334 2405 sive
350 2362 369 2405 e
388 2341 518 2404 dissita.
563 2340 699 2424 Lingua
718 2343 763 2406 ibi
787 2363 856 2405 non
880 2342 1031 2417 discitur,
1050 2341 1111 2406 sed
1135 2353 1189 2405 est
1210 2343 1316 2404 cuivis
1334 2341 1386 2405 in·

262 2436 348 2514 sita;
372 2435 445 2499 fluit
465 2427 556 2499 enirn
578 2457 623 2499 ex
647 2438 721 2518 ipsa
743 2456 860 2500 eorum
888 2433 1066 2500 affcftione
1089 2446 1125 2499 et
1151 2437 1386 2518 cogitationc;

263 2551 366 2593 sonus
386 2531 542 2613 loquelae
566 2533 814 2614 correspondet
834 2552 950 2596 eorurn
970 2529 1150 2606 affectioni,
1172 2541 1206 2594 et
1226 2530 1385 2594 articula-

262 2627 375 2689 tiones
398 2627 484 2702 soni,
505 2647 592 2708 quae
615 2636 695 2690 sunt
718 2647 832 2702 voces,
853 2625 1126 2707 correspondent
1149 2625 1233 2689 ideis
1252 2627 1385 2708 cogita·

262 2722 366 2784 tionis
382 2741 468 2804 quae
482 2741 527 2784 ex
543 2719 722 2784 affectione
737 2743 745 2800 ;
765 2731 801 2786 et
817 2723 895 2804 quia
911 2721 1027 2803 lingua
1043 2720 1109 2784 illis
1125 2721 1384 2802 correspondet,

263 2825 316 2879 est
332 2836 465 2898 quoque
484 2815 542 2878 illa
558 2815 753 2898 spiritualis,
772 2836 851 2879 nam
867 2826 921 2880 est
938 2812 1072 2880 affectio
1091 2835 1218 2879 sonans
1238 2826 1274 2880 et
1290 2817 1385 2898 cogi-

142 2955 146 2964 ·
263 2911 350 2975 tatio
381 2911 537 2994 loquens,
590 2909 656 2994 Qui
686 2912 851 2986 attendit,
877 2912 963 2974 scire
993 2921 1123 2994 potest,
1150 2911 1241 2994 quod
1275 2911 1385 2975 omnis

263 3007 432 3088 cogitatio
461 3007 506 3070 sit
536 3027 581 3069 ex
612 3003 791 3070 affectione
821 3027 908 3089 quae
938 3007 1073 3081 amoris,
1098 3016 1135 3070 et
1165 3005 1256 3088 quod
1287 3005 1385 3069 ideae

262 3102 485 3182 cogitationis
504 3102 574 3166 sint
592 3101 705 3164 variae
723 3101 864 3176 formae,
885 3103 919 3164 in
938 3121 1022 3184 quas
1041 3097 1175 3164 affeetio
1194 3101 1385 3164 communis

263 3197 445 3260 distributa
468 3207 541 3275 est;
573 3215 651 3258 narn
676 3197 845 3278 cogitatio
864 3206 900 3259 et
920 3196 997 3259 idea
1015 3215 1151 3278 prorsus
1172 3193 1266 3258 nulla
1285 3195 1385 3258 datur

262 3291 390 3374 absque
417 3289 613 3367 affectiosa
642 3291 757 3354 anima
785 3300 821 3355 et
852 3293 925 3354 vita
953 3289 1087 3354 illarum
1113 3290 1193 3353 inde
1217 3299 1281 3352 est.
1328 3289 1385 3352 Ex

261 3387 327 3450 hoc
355 3396 419 3462 est,
437 3386 528 3469 quod
553 3385 669 3468 angeli
696 3407 741 3449 ex
766 3385 841 3449 sola
865 3383 1003 3469 loquela
1027 3383 1138 3448 sciant
1164 3383 1273 3466 qualis
1295 3381 1385 3448 alter

262 3491 326 3557 est,
347 3502 393 3545 ex
417 3501 503 3545 sono
522 3481 631 3564 qualis
647 3477 782 3544 affectio
801 3479 871 3562 ejus
888 3490 952 3557 est,
973 3489 1070 3544 etex
1089 3479 1384 3542 articulationibus

261 3578 336 3640 soni
369 3597 429 3640 seu
455 3577 597 3641 vocibus
625 3575 735 3658 qualis
763 3595 861 3638 mens
890 3574 981 3657 ejus:
1014 3575 1131 3656 angeli
1158 3575 1384 3657 sapientiores

262 3673 374 3736 sciunt
394 3693 438 3736 ex
458 3691 525 3736 una
544 3671 630 3736 serie
649 3670 818 3754 loquelae,
836 3670 944 3753 qualis
963 3667 1097 3734 affectio
1116 3669 1296 3734 dominans
1319 3679 1384 3744 est,

263 3785 342 3830 nam
366 3765 414 3830 illi
437 3767 480 3830 ad
504 3785 580 3830 eam
610 3767 793 3848 praecipue
819 3765 1016 3829 attendunt.
1062 3762 1163 3846 Quod
1186 3761 1384 3828 affectiones

261 3863 375 3925 variae
395 3862 500 3924 cuivis
518 3863 598 3935 sint,
620 3871 740 3925 notum
759 3871 832 3938 est;
857 3860 924 3924 alia
942 3879 1019 3923 curn
1035 3860 1068 3922 in
1089 3859 1222 3922 laetitia
1240 3869 1304 3936 est,
1318 3859 1383 3923 alia

262 3975 339 4020 cum
358 3958 392 4020 in
408 3956 539 4033 dolore,
558 3957 627 4020 alia
648 3975 725 4020 curn
744 3955 778 4020 in
798 3953 983 4020 clementia
1002 3965 1038 4020 et
1057 3954 1299 4031 misericordia,
1318 3953 1384 4018 alia

663 4161 701 4214 (n
714 4161 986 4215 mennam)

317 4265 369 4335 (ll)
389 4263 480 4337 Quod
500 4265 530 4320 in
549 4265 640 4320 caelis
652 4265 691 4319 sit
705 4265 869 4334 respiratio,
883 4264 936 4320 sed
952 4261 1076 4320 interior
1088 4263 1129 4333 (n.
1141 4261 1218 4332 3884,
1232 4261 1331 4332 3883);
1348 4261 1384 4316 ab

261 4339 443 4408 experr'entr'a
459 4338 499 4405 (n.
516 4335 593 4406 3884,
608 4335 685 4406 3885.
700 4335 777 4404 3891,
789 4335 879 4404 3893).

315 4405 406 4481 Quod
421 4407 633 4478 respirationes
647 4407 686 4462 ibi
700 4407 761 4462 sint
773 4407 933 4462 dissimiles
947 4414 978 4461 et
993 4405 1094 4460 variae
1106 4403 1273 4461 secundum
1287 4411 1384 4460 status

261 4495 366 4534 eorum
382 4481 421 4546 (n.
440 4493 516 4547 1119,
531 4477 608 4546 3886,
625 4477 703 4546 3887,
720 4477 797 4546 3889,
812 4477 889 4546 3892,
904 4477 995 4546 3893).

346 4551 406 4604 uod
420 4549 489 4604 rnaii
504 4565 625 4619 prorsus
638 4565 699 4603 non
709 4548 854 4618 respirare
862 4548 980 4618 possint
993 4547 1023 4604 in
1036 4545 1129 4609 caelo.
1139 4555 1170 4602 et
1182 4546 1264 4618 quod
1274 4545 1299 4601 si
1314 4543 1386 4600 illuc

261 4630 395 4682 veniunt,
409 4619 595 4676 suffocentur
609 4621 650 4688 (n.
665 4617 760 4689 3893[i
772 4619 874 4688 3894]).
