3350 5366
265 655 375 707 NEMO
385 655 435 706 EX
444 655 668 706 IMMEDIATA
678 653 957 708 uisentcoltmn
967 656 1009 707 m
1018 655 1175 708 cnutus(
1183 655 1312 706 VENIT.
1325 657 1386 726 333

265 827 377 892 solum
395 828 442 892 sit
460 827 623 892 admissio
645 847 691 892 ex
715 827 845 910 gratia;
876 835 1133 912 consequenter·
1148 828 1240 911 quod
1265 847 1386 893 omnes

265 933 485 1006 quotcunque
504 932 583 988 sunt
602 921 759 986 homines
774 922 899 986 salvari
922 925 1056 1006 possint
1075 943 1121 987 ex
1143 923 1385 1006 beneplacito;

265 1018 370 1080 immo
392 1018 531 1100 quidam
554 1019 750 1099 opinantur,
775 1018 997 1100 quodetiam
1025 1035 1145 1081 omnes
1177 1019 1210 1080 in
1241 1018 1385 1082 inferno.

265 1110 333 1174 Sed
356 1111 405 1175 illi
428 1131 498 1176 non
517 1113 629 1176 sciunt
648 1111 775 1194 aliquid
798 1112 842 1176 de
864 1111 1014 1188 homine,
1032 1113 1122 1194 quod
1145 1131 1284 1194 prorsus
1307 1113 1387 1177 talis

265 1207 310 1268 sit
326 1206 436 1289 qualis
452 1206 523 1288 ejus
537 1209 621 1282 vita,
634 1215 671 1270 et
689 1205 761 1288 ejus
776 1207 849 1270 vita
863 1207 973 1289 qualis
988 1205 1061 1288 ejus
1076 1225 1183 1281 amor,
1198 1225 1266 1270 non
1283 1209 1387 1271 modo

265 1301 379 1384 quoad
401 1301 565 1365 interiora
586 1321 674 1384 quae
696 1310 777 1364 sunt
801 1299 994 1366 voluntatis
1016 1310 1052 1365 et
1082 1299 1279 1366 intelledius
1302 1301 1384 1384 ejus,

266 1395 328 1459 sed
358 1397 464 1460 etiam
491 1396 605 1479 quoad
635 1397 811 1460 exteriora
837 1415 926 1478 quae
955 1404 1035 1459 sunt
1063 1397 1216 1480 corporis
1242 1395 1324 1478 ejus,
1348 1405 1386 1461 et

265 1490 357 1572 quod
380 1509 546 1572 corporea
568 1490 676 1553 forma
694 1491 738 1552 sit
760 1490 864 1553 modo
881 1489 990 1553 forma
1011 1499 1166 1565 externa,
1186 1491 1221 1553 in
1243 1511 1311 1574 qua
1333 1491 1385 1554 in·

265 1587 391 1649 teriora
414 1605 451 1649 se
474 1587 601 1650 sistunt
620 1586 654 1648 in
673 1581 805 1658 effedtu
826 1595 861 1647 et
884 1585 964 1648 inde
983 1584 1074 1666 quod
1099 1593 1194 1649 totus
1212 1584 1318 1650 homo
1341 1588 1385 1652 sit

264 1677 344 1743 suus
360 1699 456 1743 amor
473 1679 646 1764 (videatur
661 1699 773 1762 supra,
786 1697 819 1741 n.
838 1677 927 1761 363).
972 1677 1046 1741 Nec
1059 1680 1183 1754 sciunt,
1200 1679 1292 1762 quod
1308 1699 1383 1745 cor·

265 1793 327 1856 pus
346 1793 416 1838 non
435 1775 530 1838 vivat
552 1795 598 1837 ex
620 1793 668 1848 se,
689 1773 750 1836 sed
774 1793 819 1835 ex
843 1793 906 1836 suo
925 1773 1056 1854 spiritu,
1076 1783 1112 1837 et
1136 1773 1227 1856 quod
1246 1774 1384 1856 spiritus

265 1869 411 1932 hominis
434 1869 478 1932 sit
501 1871 575 1952 ipsa
593 1867 663 1950 ejus
682 1865 827 1941 arsenio,
847 1877 884 1930 et
908 1867 999 1948 quod
1019 1867 1196 1950 spirituale
1215 1867 1286 1950 ejus
1309 1889 1384 1933 cor·

264 1983 327 2046 pus
346 1983 415 2027 non
434 1963 524 2026 aliud
544 1965 588 2026 sit
607 1981 709 2046 quam
728 1963 875 2026 hominis
892 1959 1027 2026 affectio
1045 1965 1079 2025 in
1098 1961 1206 2026 forma
1222 1962 1383 2040 humana,

264 2060 298 2121 in
328 2059 418 2142 quali
448 2059 552 2121 etiam
575 2067 719 2140 apparet
743 2066 822 2140 post
850 2065 997 2120 mortem
1023 2055 1194 2140 (videatur
1216 2077 1326 2140 supra,
1351 2079 1384 2124 n.

262 2152 439 2236 453-460).
486 2151 594 2227 Haec,
614 2151 776 2234 quamdiu
795 2151 917 2234 ignota
935 2159 1028 2226 sunt,
1048 2151 1154 2216 homo
1172 2151 1285 2215 induci
1304 2165 1383 2234 pot·

263 2257 317 2310 est
336 2247 485 2322 credere,
503 2247 594 2330 quod
611 2246 758 2310 salvatio
774 2265 843 2310 non
860 2247 906 2309 sit
922 2245 985 2308 nisi
1001 2265 1103 2328 quam
1120 2245 1385 2329 beneplacentia

264 2337 401 2416 Divina,
421 2361 508 2424 quae
527 2340 758 2404 misericordia
780 2350 816 2404 et
835 2340 948 2421 gratia
966 2349 1119 2404 vocatur.

327 2449 421 2519 522.
454 2434 522 2498 Sed
551 2435 632 2520 quid
664 2433 790 2498 Divina
819 2435 1052 2497 misericordia
1075 2435 1219 2515 primum
1243 2433 1385 2501 dicetur.

264 2527 390 2594 Divina
405 2529 635 2594 misericordia
651 2539 704 2592 est
721 2547 804 2612 pura
817 2529 1049 2594 misericordia
1062 2549 1144 2612 erga
1161 2539 1262 2594 omne
1275 2551 1384 2614 genus

264 2623 451 2688 humanum
481 2625 524 2688 ad
553 2624 756 2688 salvandum
777 2623 883 2702 illud;
918 2633 955 2688 et
978 2643 1113 2706 quoque
1136 2635 1190 2688 est
1219 2627 1385 2690 continua

264 2719 354 2799 apud
373 2720 631 2802 unumquemvis
649 2717 835 2793 hominem,
855 2727 891 2781 et
912 2737 1078 2800 nusquam
1097 2717 1141 2781 ab
1159 2718 1274 2802 aliquo
1289 2741 1384 2784 rece·

265 2813 336 2891 dit;
371 2823 581 2896 quapropter
609 2814 759 2898 quisquis
787 2813 914 2878 salvari
941 2821 1070 2896 potest,
1101 2813 1263 2878 salvatur.
1315 2813 1384 2878 Sed

265 2925 367 2972 nemo
390 2907 515 2972 salvari
542 2917 660 2990 potest
690 2908 753 2972 nisi
783 2927 885 2990 quam
912 2927 972 2990 per
999 2907 1124 2970 Divina
1154 2909 1277 2983 media,
1297 2929 1384 2992 quae

264 3003 377 3066 media
395 3003 547 3066 revelata
568 3011 650 3066 sunt
672 3022 693 3065 a
716 3002 866 3065 Domino
888 3002 921 3064 in
946 3001 1075 3065 Verbo.
1121 3002 1247 3066 Divina
1269 3005 1383 3067 media

264 3107 344 3161 sunt
374 3117 460 3181 quae
479 3107 648 3162 vocantur
667 3097 793 3161 Divina
812 3116 911 3161 vera:
942 3095 1028 3160 haec
1059 3097 1187 3160 docent
1210 3101 1384 3180 quomodo

265 3191 370 3255 homo
392 3189 541 3255 victurus
564 3201 628 3268 est,
652 3201 691 3255 ut
721 3191 846 3255 salvari
876 3192 996 3274 possit.
1041 3189 1210 3256 Dominus
1240 3213 1300 3274 per
1326 3193 1385 3258 illa

264 3285 358 3349 ducit
373 3285 545 3350 hominem
562 3287 605 3350 ad
624 3286 767 3361 caelum,
785 3296 821 3350 et
840 3305 901 3368 per
915 3285 975 3348 illa
993 3285 1080 3350 indit
1098 3287 1129 3348 ei
1149 3287 1254 3349 vitam
1274 3287 1360 3350 caeli
1375 3308 1382 3352 :

263 3379 329 3444 hoc
352 3379 434 3444 iacit
454 3379 620 3444 Dominus
638 3380 728 3464 apud
748 3400 889 3459 omnes;
913 3380 975 3444 sed
994 3379 1101 3443 vitam
1121 3379 1207 3444 caeli
1225 3381 1309 3444 nulli
1332 3381 1383 3444 in·

265 3475 347 3538 dere
365 3484 495 3556 potest,
515 3476 579 3537 nisi
597 3476 653 3558 qui
669 3476 823 3538 abstinet
845 3495 865 3538 a
884 3473 987 3550 malo,
1008 3493 1088 3538 nam
1107 3475 1234 3538 malum
1253 3475 1383 3542 obstat.

266 3567 441 3650 Quantum
458 3571 572 3652 itaque
585 3569 690 3633 homo
706 3571 860 3634 abstinet
877 3587 897 3632 a
914 3569 1016 3644 malo,
1030 3577 1166 3633 tantum
1180 3568 1275 3632 illum
1289 3571 1383 3635 ducit

266 3663 433 3728 Dominus
461 3683 521 3746 per
544 3664 668 3728 Divina
690 3683 751 3728 sua
774 3665 887 3728 media
909 3683 954 3728 ex
978 3683 1061 3746 pura
1084 3665 1328 3742 misericordia,
1347 3676 1383 3732 et

264 3757 329 3822 hoc
348 3759 393 3821 ab
408 3758 551 3822 infantia
569 3759 613 3822 ad
632 3758 733 3822 finem
750 3760 842 3822 vitae
858 3757 929 3840 ejus
946 3758 980 3821 in
997 3759 1137 3834 mundo,
1153 3769 1189 3824 et
1208 3769 1331 3840 postea
1349 3761 1382 3826 in

264 3861 451 3916 aeternum.
496 3851 593 3916 Haec
609 3862 663 3917 est
681 3851 805 3916 Divina
817 3853 1051 3917 misericordia
1060 3873 1147 3938 quae
1164 3853 1380 3936 intelligitur.

265 3945 351 4010 Inde
370 3956 479 4030 patet.
499 3948 590 4030 quod
610 3947 843 4012 misericordia
861 3947 1001 4012 Domini
1019 3949 1065 4012 sit
1089 3969 1173 4031 pura
1191 3949 1383 4014 misericor·

265 4042 331 4115 dia,
348 4043 409 4106 sed
434 4061 502 4106 non
526 4043 736 4118 immediata,
755 4043 822 4106 hoc
845 4052 912 4119 est,
932 4053 970 4108 ut
992 4043 1170 4108 salventur
1192 4063 1314 4110 omnes
1335 4065 1382 4110 ex

265 4136 494 4220 beneplacito,
513 4147 685 4222 utcunque
702 4138 874 4202 vixerant.

327 4245 424 4314 5²3·
454 4229 622 4296 Dominus
641 4253 807 4316 nusquam
826 4231 952 4316 aliquid
972 4231 1054 4296 iacit
1073 4242 1195 4297 contra
1214 4233 1381 4310 ordinem,

265 4325 342 4408 quia
359 4325 436 4408 lpse
452 4335 506 4389 est
521 4323 626 4392 Ordo.
667 4327 829 4392 Divinum
843 4327 972 4392 Verum
989 4329 1180 4410 procedens
1196 4348 1216 4390 a
1233 4326 1382 4392 Domino

265 4430 318 4484 est
341 4420 433 4503 quod
458 4420 540 4486 iacit
563 4423 729 4498 ordinem,
754 4441 793 4486 ac
818 4423 943 4486 Divina
965 4441 1046 4485 vera
1068 4431 1149 4486 sunt
1174 4420 1269 4503 leges
1291 4423 1382 4486 ordi·
1491 4475 1494 4482 .

264 4515 339 4593 nis;
362 4516 548 4580 secuudum
568 4516 630 4580 has
649 4517 743 4580 ducit
759 4517 928 4582 Dominus
945 4515 1130 4580 hominem.
1176 4513 1290 4598 Quare
1314 4515 1381 4579 sal·

264 4629 344 4673 vare
360 4609 533 4674 hominem
549 4631 594 4674 ex
613 4612 812 4676 immediata
823 4611 1056 4676 misericordia
1072 4621 1127 4676 est
1146 4620 1270 4676 contra
1286 4610 1381 4674 Divi·
