3382 5358
692 671 743 722 na
766 671 900 722 sonus
923 671 1046 722 onum.
1368 671 1426 740 115

310 861 388 906 sens
410 841 456 908 sit
479 841 643 906 unicuivis
662 843 851 908 secundum
874 856 1027 908 amorem
1051 851 1087 906 et
1109 838 1259 918 fidemltl
1276 851 1312 906 et
1334 843 1427 925 quod

306 939 424 1001 ‘omnia
446 948 635 1021 appareant
658 939 692 1001 in
716 940 906 1022 propinquo
929 947 964 1002 et
987 959 1006 1002 e
1029 937 1217 1022 longinquo
1240 939 1427 1002 secundum

309 1033 420 1114 lpsius
449 1034 690 1114 praesentiam,
721 1053 801 1096 nam
832 1034 910 1097 inde
941 1034 1173 1097 determinata
1203 1041 1282 1096 sunt
1312 1034 1429 1096 omnia

307 1147 394 1210 quae
410 1128 443 1190 in
461 1129 576 1191 caelis.
621 1127 684 1191 Per
699 1129 733 1191 id
750 1129 854 1192 etiam
867 1127 1000 1210 angelis
1011 1137 1064 1191 est
1078 1129 1260 1210 sapientia,
1274 1146 1353 1190 nam
1367 1147 1429 1209 per
1465 1159 1486 1178 ι

307 1223 341 1284 id
357 1222 423 1285 illis
442 1233 496 1287 est
512 1225 674 1287 extensio
690 1223 955 1305 cogitationum,
972 1233 1008 1286 et
1029 1243 1090 1306 per
1110 1224 1144 1286 id
1165 1231 1219 1287 est
1236 1225 1426 1286 communi·

308 1317 400 1380 catio
416 1318 567 1380 omnium
584 1339 670 1401 quae
692 1319 726 1380 in
745 1318 870 1396 caelis;
893 1317 1010 1392 verbo,
1028 1336 1089 1399 per
1108 1317 1142 1380 id
1164 1317 1232 1380 illis
1252 1327 1316 1392 est,
1334 1317 1426 1400 quod

308 1411 528 1493 spiritualiter
548 1413 717 1495 cogitent,
737 1422 773 1476 et
795 1431 864 1476 non
886 1411 1088 1476 naturaiiter
1107 1413 1194 1476 sicut
1215 1411 1384 1476 homines.

678 1725 1051 1738 ψ

787 1940 948 2026 [mun]

318 2121 375 2186 Dr.
410 2121 551 2188 Forum
575 2121 696 2188 cnam
720 2093 926 2190 'secuuntur
956 2137 1065 2203 Qunnr
1089 2123 1425 2192 consocnnonns

594 2233 643 2284 ss
666 2217 1046 2284 Couuunrcnmonns
1069 2233 1131 2284 1131.

368 2417 472 2469 noo·
502 2401 623 2486 Qualis
655 2403 767 2468 forma
798 2403 886 2468 caeli
919 2413 984 2480 est,
1015 2403 1229 2488 aliquantum
1261 2413 1424 2472 constare

305 2508 423 2580 potest
453 2519 499 2562 ex
532 2498 599 2562 illis
623 2519 710 2582 quae
739 2500 773 2562 in
797 2499 1082 2581 praecedentibus
1105 2501 1258 2564 articulis
1281 2513 1424 2568 ostensa

305 2603 403 2658 sunt:
428 2603 477 2670 ut,
496 2591 598 2676 Quod
615 2592 757 2658 Caelum
773 2595 819 2658 sit
835 2593 898 2658 sibi
914 2593 1024 2658 simile
1040 2596 1074 2658 in
1091 2597 1252 2660 maximis
1271 2607 1306 2660 et
1323 2599 1422 2660 mini·

304 2690 368 2754 mis
385 2686 433 2771 (n.
447 2687 525 2772 72);
549 2689 640 2766 inde,
655 2685 757 2770 Quod
773 2691 981 2772 unaquaevis
1000 2688 1156 2755 Societas
1169 2691 1214 2754 sit
1231 2689 1371 2756 Caelum
1389 2693 1423 2756 in

304 2784 434 2848 minore
443 2783 561 2859 forma,
572 2793 608 2847 et
618 2786 848 2867 unusquisque
858 2783 1016 2866 Angelus
1026 2785 1060 2849 in
1071 2787 1209 2850 minima
1222 2785 1268 2868 (n.
1283 2785 1400 2870 51-58)
1413 2807 1421 2851 :

304 2876 406 2960 Quod
422 2879 509 2942 sicut
522 2887 635 2942 totum
648 2876 789 2942 Caelum
803 2879 906 2942 resert
919 2898 1021 2942 unum
1035 2877 1231 2956 Hominem,
1246 2882 1295 2944 ita
1311 2885 1423 2946 omnis

303 2969 460 3038 Societas
476 2971 571 3037 Caeli
589 2972 712 3036 reserat
733 2971 919 3037 Hominem
938 2975 972 3037 in
988 2973 1117 3038 minore
1133 2975 1252 3052 forma,
1267 2985 1302 3039 et
1319 2997 1422 3040 unus·

303 3067 443 3150 quisque
456 3065 615 3148 Angelus
628 3067 661 3128 in
675 3067 814 3130 minima
828 3065 875 3148 (n.
895 3065 1012 3148 59-77)
1026 3087 1033 3130 :
1059 3065 1160 3149 Quod
1178 3071 1211 3132 in
1225 3069 1339 3132 medio
1352 3071 1422 3136 sint

302 3161 360 3244 qui
378 3161 631 3243 sapientissimi,
652 3169 687 3224 et
704 3160 795 3242 quod
814 3161 939 3223 circum
959 3161 1049 3224 circa
1067 3163 1235 3244 usquead
1255 3163 1422 3228 terminos

302 3256 413 3318 minus
433 3257 626 3338 sapientes3
650 3264 686 3318 et
706 3255 796 3336 quod
813 3254 969 3318 similiter
988 3257 1021 3319 in
1041 3257 1227 3340 unaquavis
1244 3255 1422 3324 Societate

305 3347 353 3432 (n.
364 3352 423 3432 43)
437 3369 445 3412 :
469 3359 516 3426 et,
530 3347 632 3429 Quod
648 3349 692 3413 ab
705 3345 848 3413 Oriente
861 3350 904 3414 ad
918 3346 1143 3415 Occidentem
1157 3353 1189 3414 in
1204 3349 1310 3416 Caelo
1322 3352 1420 3415 habi·

303 3453 380 3508 tent
399 3443 455 3527 qui
478 3445 511 3506 in
536 3442 635 3508 Bono
653 3445 789 3518 amoris,
810 3453 846 3508 et
869 3465 889 3508 a
912 3443 1057 3510 Meridie
1076 3447 1119 3508 ad
1139 3445 1420 3528 Septentrionem

303 3540 359 3621 qui
382 3539 416 3615 in
435 3537 537 3602 Veris
559 3559 580 3600 a
603 3539 705 3611 bono,
726 3539 883 3602 similiter
905 3539 938 3602 in
963 3541 1056 3603 omni
1079 3539 1253 3603 Societate
1275 3539 1322 3622 (n.
1350 3543 1419 3620 148,
1493 3573 1495 3576 ’

307 3633 391 3717 149).
437 3630 563 3697 Omnia
578 3633 638 3696 illa
653 3643 733 3697 sunt
745 3634 932 3698 secundum
945 3635 1088 3697 sormam
1102 3635 1188 3698 caeli
1203 3657 1209 3712 ;
1235 3637 1324 3699 unde
1337 3657 1421 3719 qua·

303 3727 344 3792 lis
362 3727 433 3809 ejus
450 3727 562 3792 sorma‘
579 3737 632 3790 est
652 3728 685 3790 i'n
704 3728 888 3804 communi,
908 3749 953 3790 ex
973 3727 1039 3790 illis
1057 3728 1216 3792 concludi
1235 3727 1393 3811 potestis

694 3922 733 3975 (n
745 3933 843 3966 marm
854 3925 1018 3978 cauum]

356 4024 400 4094 (ἦ)
426 4021 515 4096 Quod
529 4021 704 4096 conjunctio
719 4035 750 4080 et
765 4025 935 4096 praesentia
949 4025 1072 4081 Domini
1087 4027 1167 4096 apud
1180 4027 1305 4099 angelos
1320 4044 1352 4084 se
1368 4029 1421 4084 ha·

303 4095 373 4150 beat
379 4097 544 4151 secundum
554 4095 758 4166 receptionem
768 4097 880 4152 amoris
893 4107 924 4150 et
936 4097 1093 4153 charitatis
1105 4099 1142 4152 ab
1154 4099 1224 4168 Ipso
1235 4100 1275 4165 (n.
1287 4113 1347 4168 290,
1358 4099 1419 4162 681,

302 4165 569 4306 {illlilitffi'
584 4167 663 4228 2888·
678 4165 757 4235 2⁸⁸9.
773 4181 851 4235 ³001.
867 4169 1224 4237 1741.3742.³743.4³18‚
1241 4183 1322 4238 4³19.
1340 4183 1419 4239 4544

355 4333 399 4402 (ι’)
424 4331 514 4405 Quod
527 4333 699 4388 universum
712 4333 827 4388 caelum
838 4335 937 4405 quoad
950 4349 1056 4390 omnes
1068 4334 1228 4391 societates
1240 4336 1420 4408 angelicane

303 4401 434 4459 Domino
448 4404 627 4474 dispositum
640 4404 680 4458 sit
692 4405 858 4459 secundum
870 4403 1013 4458 Divinum
1022 4421 1109 4460 suum
1119 4405 1266 4468 ordinem,
1276 4405 1418 4477 quoniam

303 4473 580 4614 ffllvjrsmssllgpmgnli
591 4475 670 4612 ppud
680 4475 804 4546 angelos
814 4473 887 4529 iacit
896 4475 1011 4530 caelum
1022 4476 1064 4544 (n.
1075 4475 1151 4546 3038,
1162 4489 1212 4543 721
1220 4491 1240 4540 ι,
1251 4477 1330 4546 9128,
1339 4476 1419 4547 9338.

355 4613 401 4670 De
413 4613 510 4671 lomna
521 4631 574 4671 cae
586 4615 644 4671 esti
658 4617 699 4684 (n.
712 4629 879 4685 4040-4043,
892 4615 972 4682 6607.
984 4615 1076 4686 9877).
1120 4647 1122 4652 ·
