3408 5358
294 621 356 687 288
616 631 667 682 nn
689 629 816 682 cuano
839 631 887 680 ar
908 629 1091 682 rumano.

293 805 408 889 aliqua
429 823 500 868 vox
524 802 625 878 desit,
645 822 732 886 quae
756 801 817 866 fuit
840 802 874 866 in
897 800 985 866 libro
1007 801 1052 866 ab
1074 799 1198 866 eodem
1220 801 1354 886 scripto
1380 802 1415 870 ln

294 899 444 978 mundo;
468 906 504 962 et
523 897 613 980 quod
632 897 681 961 ita
699 919 745 962 ex
765 895 929 962 memoria
946 896 1087 962 alterius
1105 897 1262 980 depromi
1281 899 1417 980 possint

294 995 446 1060 omnium
469 991 751 1074 singularissima,
771 993 876 1056 etiam
893 1012 980 1075 quae
999 993 1122 1073 ipsein
1143 993 1270 1056 mundo
1285 993 1417 1058 'oblitus

294 1100 368 1154 est:
404 1108 507 1152 causa
536 1087 642 1152 etiam
673 1085 813 1151 detec'la
842 1096 907 1162 est,
937 1087 1029 1169 quod
1058 1106 1182 1170 nempe
1208 1085 1342 1152 homini
1371 1091 1416 1152 sit

295 1185 459 1249 memoria
481 1191 629 1246 externa
650 1190 686 1246 et
707 1183 854 1258 interna,
875 1191 1023 1246 externa
1044 1203 1132 1264 quae
1155 1183 1323 1248 naturalis
1346 1183 1416 1266 ejus

294 1279 452 1354 hominis,
470 1298 509 1342 ac
529 1277 665 1341 interna
683 1296 770 1360 quae
786 1277 972 1359 spiritualis
988 1275 1059 1358 ejus
1076 1275 1244 1356 hominis;
1268 1287 1307 1342 et
1325 1279 1416 1360 quod

294 1373 431 1456 singula
459 1393 547 1456 quae
578 1371 685 1436 homo
718 1373 896 1454 cogitavit,
920 1371 1041 1448 voluit,
1066 1371 1202 1435 locutus
1233 1383 1300 1449 est,
1324 1373 1416 1448 iecit,

295 1471 400 1534 etiam
423 1489 510 1551 quae
530 1467 661 1530 audivit
684 1476 719 1531 et
743 1467 841 1543 vidit,
861 1467 1046 1531 memoriae
1064 1467 1220 1530 internae
1239 1487 1301 1532 seu
1319 1469 1417 1550 spiri·

238 1559 239 1563 ’
294 1563 380 1629 tuali
402 1563 472 1645 ejus
495 1561 660 1645 inscripta
679 1563 749 1625 sint
764 1557 807 1639 3⁰)
830 1572 867 1625 et
886 1562 978 1643 quod
1001 1559 1060 1624 illa
1078 1581 1165 1644 quae
1184 1562 1232 1625 ibi
1250 1581 1417 1645 nusquam

295 1659 488 1734 deleantur,
512 1657 674 1741 quoniam
698 1655 798 1720 simul
821 1657 987 1738 inscripta
1009 1668 1089 1721 sunt
1119 1657 1185 1740 ipsi
1213 1657 1358 1740 spiritui,
1381 1669 1417 1723 et

294 1753 365 1836 ejus
388 1753 541 1836 corporis
564 1753 735 1827 membris,
759 1762 796 1815 ut
819 1771 920 1834 supra
938 1747 1067 1815 uiuum
1090 1761 1167 1816 est:
1195 1763 1231 1817 et
1254 1753 1302 1816 sic
1326 1753 1417 1836 quod

295 1849 433 1931 spiritus
449 1847 635 1910 secundum
655 1848 810 1928 cogitata
828 1855 864 1910 et
888 1843 965 1910 aeta
983 1865 1062 1909 suae
1082 1847 1274 1911 voluntatis
1292 1846 1417 1913 forma·

295 1956 351 2010 tus
374 1947 430 2009 sit.
474 1943 553 2008 Scio
571 1945 662 2027 quod
685 1943 771 2008 haec
795 1953 833 2007 ut
857 1943 1036 2026 paradoxa
1054 1955 1257 2026 appareant,
1278 1955 1314 2008 et
1337 1945 1417 2010 inde

295 2045 354 2106 vix
378 2041 573 2116 credantur,
597 2042 661 2124 secl
692 2061 798 2124 usque
821 2061 902 2104 vera
934 2049 1024 2104 sunt.
1070 2039 1122 2104 Ne
1152 2041 1267 2124 itaque
1298 2042 1417 2106 credat

296 2141 412 2214 homo,
432 2139 523 2222 quod
547 2135 702 2220 ¹¹¹aliquid
724 2139 780 2213 sit,
805 2137 896 2220 quod
923 2137 1029 2201 homo
1052 2139 1086 2200 in
1112 2159 1149 2202 se
1174 2139 1356 2220 cogitavit,
1380 2148 1417 2204 et

295 2241 329 2302 in
346 2235 553 2300 abscondito
568 2233 661 2311 fecit,
679 2245 760 2318 post
779 2245 926 2298 mortem
944 2235 1052 2299 lateat
1067 2257 1074 2312 ;
1099 2236 1159 2298 sed
1178 2237 1308 2312 credat,
1325 2236 1417 2322 quod

296 2335 411 2398 omnia
429 2341 465 2397 et
483 2331 618 2416 singula
636 2343 719 2396 tunc
738 2341 777 2396 ut
796 2331 889 2396 claro
908 2333 941 2394 in
961 2333 1016 2396 die
1036 2343 1191 2415 pateant.

358 2429 464 2516 464.
493 2429 650 2495 Tametsi
680 2429 844 2494 memoria
873 2439 1021 2514 externa
1050 2451 1110 2494 seu
1136 2430 1302 2494 naturalis
1326 2431 1417 2496 inest

295 2529 424 2592 homini
448 2539 528 2611 post
551 2537 711 2602 mortem,
735 2547 841 2610 usque
865 2537 983 2592 tamen
1007 2545 1100 2591 mere
1124 2527 1305 2602 naturalia,
1330 2549 1417 2612 quae

295 2627 377 2690 inibi
393 2635 485 2700 sunt,
503 2645 572 2688 non
588 2625 858 2707 reproducuntur
876 2625 910 2688 in
926 2623 1036 2688 altera
1053 2627 1134 2700 vita,
1152 2625 1213 2688 sed
1229 2625 1418 2709 spiritualia

295 2745 382 2806 quae
399 2721 608 2786 naturalibus
624 2743 684 2804 per
700 2722 1024 2804 correspondentias
1037 2719 1197 2803 adjuncta
1209 2733 1309 2802 sunt;
1330 2743 1417 2807 quae

296 2831 415 2884 tamen
433 2839 511 2883 cum
528 2819 696 2883 sistuntur
714 2819 757 2882 ad
776 2819 898 2895 visum,
916 2817 1084 2902 apparent
1103 2821 1137 2882 in
1155 2820 1264 2884 forma
1280 2841 1417 2903 prorsus

297 2917 408 2993 simili,
433 2905 527 2982 ut'in
551 2916 698 2980 naturali
721 2917 871 2995 mund03
902 2935 982 2980 narn
1006 2918 1121 2980 omnia
1143 2938 1230 3000 quae
1253 2919 1288 2980 in
1311 2918 1417 2982 caelis

296 3023 473 3099 apparent,
493 3013 649 3078 similiter
668 3023 705 3076 ut
729 3014 762 3076 in
787 3015 915 3078 mundo
934 3024 1112 3096 apparent,
1134 3017 1275 3079 tametsi
1297 3016 1332 3078 in
1355 3035 1417 3080 sua

684 3240 733 3295 [iu
745 3249 843 3282 nonnis
855 3241 1029 3293 emanarat]

352 3353 387 3422 (I)
413 3351 502 3436 Quod
521 3352 609 3407 binae
628 3351 790 3408 memoriae
808 3352 924 3408 homini
943 3352 1013 3414 sint,
1026 3352 1158 3408 exterior
1169 3363 1201 3408 et
1217 3353 1350 3416 interior,
1363 3369 1415 3410 seu

298 3423 440 3480 naturalis
453 3434 484 3479 et
496 3423 660 3494 spiritualis
675 3425 715 3492 (n.
729 3422 910 3492 2469-2494).

379 3495 439 3549 uod
451 3493 543 3549 homo
554 3511 614 3548 non
625 3493 701 3548 sciat
712 3493 792 3563 quod
803 3493 831 3549 ei
842 3494 987 3548 memoria
996 3493 1121 3549 interior
1129 3494 1170 3549 sit
1183 3497 1224 3565 (n.
1235 3509 1312 3561 2470,
1324 3497 1416 3562 2471).

381 3575 504 3620 uantum
519 3565 663 3620 memoria
677 3563 801 3619 interior
813 3565 939 3619 excellet
951 3563 1091 3620 exteriori
1107 3567 1146 3633 (n.
1161 3567 1251 3634 2473).

381 3637 440 3690 uod
453 3651 531 3706 quae
544 3637 573 3690 in
588 3636 731 3690 memoria
742 3635 889 3690 exteriore
902 3646 980 3698 sunt,
994 3635 1024 3688 in
1038 3635 1104 3691 luce
1116 3637 1221 3691 mundi
1234 3637 1295 3692 sint
1306 3655 1312 3698 ;
1339 3651 1416 3708 quae

297 3717 397 3761 autem
413 3707 442 3760 in
457 3705 608 3768 interiore,
623 3706 652 3760 in
666 3707 732 3760 luce
745 3705 820 3760 caeli
835 3709 876 3775 (n.
891 3708 981 3775 5²¹²)-

351 3775 439 3848 Quod
462 3794 499 3832 ex
521 3777 664 3832 memoria
686 3777 826 3832 interiore
847 3777 896 3839 sit,
915 3777 996 3848 quod
1016 3777 1110 3832 homo
1129 3775 1370 3832 intelletlualiter
1386 3787 1417 3832 et

298 3847 486 3902 rationaliter
498 3849 594 3918 possit
606 3847 740 3918 cogitare
752 3859 783 3902 et
795 3847 877 3918 loqui
893 3849 933 3916 (n.
946 3851 1037 3916 9394).

351 3917 439 3989 Quod
453 3917 556 3973 omnia
568 3929 599 3972 et
612 3918 730 3990 singula
741 3935 817 3989 quae
831 3917 923 3972 homo
936 3919 1089 4000 cogitavit,
1103 3919 1221 3973 loeutus
1233 3927 1288 3980 est,
1301 3919 1372 3990 egit,
1385 3928 1416 3972 et

297 4005 374 4060 quae
383 3989 460 4042 vidit
469 3999 499 4043 et
509 3989 632 4050 audivit,
644 3989 785 4058 inscripta
795 3989 855 4043 sint
865 4005 1027 4043 memoriae
1037 3989 1169 4044 interiori
1181 3991 1222 4057 (n.
1233 4001 1311 4055 2474,
1325 3989 1415 4057 7398).

380 4061 441 4114 uod
455 4060 506 4114 illa
518 4061 662 4114 memoria
674 4061 714 4114 sit
727 4059 802 4113 liber
811 4059 891 4113 vitae
903 4059 968 4128 ejus
982 4061 1022 4128 (n.
1036 4073 1114 4126 2474,
1127 4059 1206 4129 9386,
1216 4060 1296 4128 9841,
1310 4063 1416 4128 10505).

401 4131 441 4186 od
455 4129 485 4184 in
495 4131 639 4186 memoria
650 4131 791 4185 interiore
801 4130 862 4184 sint
871 4145 942 4184 vera
950 4145 1027 4201 quae
1036 4129 1115 4185 latta
1127 4141 1198 4186 sunt
1208 4129 1286 4192 fidei,
1297 4141 1328 4185 et
1338 4132 1416 4186 bona

297 4217 374 4274 quae
387 4199 466 4256 latia
478 4201 589 4256 amoris
603 4203 643 4270 (n.
660 4213 735 4270 5²¹²·
749 4201 841 4266 8067).

351 4271 441 4356 Quod
460 4273 511 4327 illa
529 4289 605 4343 quae
623 4273 786 4326 induerunt
798 4271 944 4332 habiturn,
957 4282 989 4327 et
1001 4269 1080 4326 latta
1092 4282 1163 4326 sunt
1174 4272 1263 4334 vitae,
1276 4281 1308 4327 et
1320 4287 1374 4342 per
1386 4272 1415 4326 id

297 4345 470 4399 oblitterata
483 4344 513 4398 in
528 4343 673 4398 memoria
684 4343 841 4404 exteriore,
855 4341 916 4396 sint
929 4343 959 4396 in
972 4343 1118 4398 memoria
1130 4343 1271 4398 interiore
1284 4345 1326 4414 (n.
1337 4355 1416 4412 9394

221 4439 225 4448 ·
297 4415 483 4484 97229841).

351 4485 441 4558 Quod
454 4485 577 4555 spiritus
589 4494 621 4540 et
632 4484 731 4556 angeli
744 4485 907 4556 loquantur
918 4499 955 4539 er
968 4483 1113 4540 memoria
1125 4484 1276 4546 interiore,
1289 4493 1320 4539 et
1334 4483 1414 4556 quod

298 4557 368 4612 inde
381 4556 439 4610 illis
451 4556 553 4627 lingua
564 4555 739 4610 universalis
753 4557 793 4624 (n.
807 4568 885 4621 2472,
899 4555 976 4622 2476,
991 4569 1068 4624 2499,
1079 4557 1169 4624 2493).

351 4625 440 4699 Quod
454 4626 574 4698 linguae
588 4627 617 4680 in
632 4627 745 4681 mundo
757 4627 819 4681 sint
832 4627 992 4681 memoriae
1002 4626 1157 4682 exterioris
1171 4628 1212 4695 (n.
1224 4637 1301 4692 2472,
1314 4625 1404 4692 2⁴76)-
