3408 5358
274 628 337 692 216
592 641 643 692 DE
665 639 792 693 casto
815 639 864 692 ΕΤ
887 639 1070 694 INFERNO.

273 809 433 878 lectuaria
450 831 536 896 quae
555 812 660 878 homo
678 812 741 876 sibi
758 813 938 896 acquisivit
956 833 1002 878 ex
1021 814 1186 892 scientiis,
1206 833 1284 882 cum
1300 817 1390 882 vixit

272 908 306 970 in
322 925 476 990 corpore,
490 908 660 990 quadrant
676 925 752 972 cum
768 906 844 972 luce
860 907 978 972 mundi
994 909 1197 990 spiritualis;
1220 929 1390 994 quaprop-

176 1081 178 1086 .
271 1011 324 1067 ter
355 1012 522 1086 quantum
551 1001 729 1067 rationalis
755 1000 865 1067 ladius
895 1011 949 1067 est
981 1003 1130 1070 hominis
1159 1006 1298 1092 spiritus
1330 1025 1389 1088 per

271 1099 488 1181 cognitiones
510 1107 547 1162 et
569 1098 733 1162 scientias
755 1098 790 1160 in
813 1097 953 1174 mundo,
978 1108 1114 1163 tantum
1136 1101 1315 1166 rationalis
1337 1112 1389 1165 est

271 1203 351 1274 post
370 1193 578 1258 solutionem
597 1213 618 1256 a
640 1211 804 1276 corpore;
832 1213 911 1257 nam
934 1203 1016 1257 tunc
1040 1194 1144 1259 homo
1164 1197 1302 1278 spiritus
1324 1207 1389 1272 est,

270 1297 306 1354 et
325 1289 463 1370 spiritus
482 1297 535 1352 est
554 1289 611 1370 qui
629 1287 765 1370 cogitat
783 1289 817 1352 in
836 1285 1025 1370 corporal‘l

331 1383 434 1465 356.
464 1381 532 1464 Qui
548 1393 663 1446 autem
679 1403 741 1465 per
752 1385 973 1464 cognitiones
988 1394 1024 1449 et
1039 1385 1201 1449 scientias
1216 1385 1280 1449 sibi
1296 1403 1389 1448 com·

269 1488 476 1560 paraverunt
489 1477 755 1560 intelligentiam
767 1488 804 1543 et
816 1479 1031 1560 sapientiam,
1042 1481 1098 1562 qui
1111 1489 1191 1544 sunt
1203 1480 1260 1563 qui
1275 1479 1389 1544 omnia

269 1571 507 1654 applicuerunt
539 1573 611 1636 usui
641 1574 745 1650 vitae,
771 1581 808 1636 et
837 1572 938 1637 simul
968 1583 1185 1654 agnoverunt
1216 1573 1389 1650 Divinum,

269 1678 471 1732 amaverunt
485 1667 652 1744 -Verbum,
670 1677 706 1732 et
723 1668 934 1750 spiritualem
947 1669 1112 1732 moralem
1125 1670 1234 1733 vitam
1249 1667 1307 1751 (de
1323 1689 1389 1752 qua

269 1783 380 1846 supra,
405 1783 437 1826 n.
463 1761 552 1848 319,)
573 1763 746 1840 vixerunt,
770 1762 836 1826 illis
863 1763 1028 1828 scientiae
1050 1764 1301 1828 inserviverunt
1316 1784 1389 1851 ‚pro

269 1857 390 1920 mediis
413 1856 578 1938 sapiendi,
604 1866 640 1920 et
670 1877 805 1940 quoque
834 1857 1078 1921 corroborandi
1108 1857 1169 1921 illa
1195 1877 1283 1940 quae
1312 1857 1389 1922 srdei

268 1963 369 2031 sunt;
392 1953 554 2016 interiora
572 1971 690 2017 eorum
709 1971 796 2035 quae
815 1953 953 2028 mentis,
971 1961 1133 2036 percepta
1150 1961 1231 2016 sunt
1250 1961 1286 2015 et
1304 1971 1389 2035 quo-

267 2067 333 2132 que
356 2049 429 2111 visa
451 2048 540 2112 sicut
563 2046 819 2128 transparentia
841 2063 887 2110 ex
919 2046 1006 2123 luce,
1027 2047 1062 2110 in
1088 2046 1205 2111 colore
1228 2047 1388 2123 candido,

267 2143 426 2208 flammeo
454 2141 512 2207 vel
535 2141 704 2218 caeruleo,
734 2141 768 2205 in
798 2140 890 2224 quali
919 2149 1000 2205 sunt
1027 2141 1242 2217 adamantes,
1267 2141 1388 2218 rubini,

268 2237 430 2322 sapphiri,
451 2237 507 2321 qui
534 2236 706 2320 pellucidi,
731 2245 767 2302 et
795 2235 862 2300 hoc
893 2236 1082 2300 secundum
1110 2235 1389 2302 confirmationes

268 2355 330 2418 pro
348 2333 474 2397 Divino
496 2341 532 2398 et
556 2353 617 2415 pro
635 2333 724 2395 veris
744 2331 877 2395 Divinis
895 2351 942 2396 ex
960 2332 1125 2396 scientiis.
1170 2331 1265 2396 Vera
1283 2333 1388 2397 intel·

268 2429 412 2512 ligantia
438 2437 475 2492 et
505 2427 674 2510 sapientia
700 2426 781 2490 talis
803 2434 961 2509 apparet,
984 2445 1061 2490 cum
1087 2426 1220 2491 sistitur
1241 2427 1390 2492 videnda

268 2525 301 2586 in
321 2523 448 2587 mundo
467 2520 655 2604 spirituali;
678 2521 713 2584 id
732 2521 839 2585 trahit
857 2542 878 2585 a
900 2520 976 2585 luce
994 2520 1092 2596 caeli,
1112 2530 1271 2604 quaeest
1293 2521 1388 2586 Divi-

269 2637 348 2682 num
360 2616 491 2681 Verum
508 2617 697 2699 procedens
712 2635 733 2679 a
749 2615 910 2692 Domino,
923 2635 969 2679 ex
985 2636 1053 2699 quo
1065 2617 1176 2681 omnis
1188 2617 1389 2699 intelligen-

270 2713 317 2778 tia
335 2721 371 2778 et
393 2713 561 2796 sapientia
581 2709 753 2794 (videatur
768 2726 878 2793 supra,
899 2731 931 2774 n.
958 2709 1130 2795 126-133).
1174 2711 1280 2775 Plana
1298 2712 1389 2776 illius

167 2867 170 2876 r
269 2809 363 2885 lucis,
382 2809 416 2872 in
435 2807 556 2890 quibus
574 2805 828 2888 variegationes
846 2805 935 2869 sicut
954 2804 1107 2869 colorum
1123 2805 1291 2882 existunt,
1309 2815 1389 2870 sunt

269 2903 431 2968 interiora
448 2901 595 2979 mentis3
622 2909 658 2964 et
681 2897 961 2964 confirmationes
980 2901 1165 2964 veritatum
1188 2899 1388 2964 Divinarum

269 3019 328 3082 per
350 2997 434 3063 talia
452 3015 539 3080 quae
567 2997 601 3059 in
624 3004 748 3058 natura
766 3004 857 3072 sunt,
878 2995 928 3058 ita
950 3013 1036 3078 quae
1065 2995 1100 3059 in
1123 2996 1285 3072 scientiis,
1309 3015 1389 3078 pro·

268 3093 397 3158 ducunt
416 3091 669 3174 variegationes
687 3089 765 3153 illas
776 3087 816 3152 21⁶>
847 3109 944 3153 mens
967 3090 1058 3154 enirn
1081 3091 1222 3155 interior
1240 3091 1388 3154 hominis

269 3189 419 3253 intuetur
436 3187 471 3250 in
493 3205 548 3250 res
566 3185 750 3250 memoriae
770 3183 958 3264 naturalis3
986 3193 1022 3249 et
1044 3184 1103 3248 illa
1126 3205 1212 3268 quae
1235 3185 1281 3249 ibi
1303 3205 1388 3250 con·
1478 3189 1479 3193 ’

269 3281 415 3357 firmant,
443 3299 505 3363 per
537 3281 652 3362 ignem
682 3279 807 3342 amoris
837 3277 997 3342 caelestis
1026 3279 1122 3361 quasi
1151 3279 1324 3355 sublimat,
1352 3291 1388 3345 ct

219 3405 222 3412 ·
269 3377 437 3453 subducit,
457 3394 497 3440 ac
517 3373 798 3458 purificatusque
820 3375 854 3437 in
873 3373 968 3437 ideas
986 3373 1181 3455 spirituales
1192 3395 1201 3454 ;
1229 3375 1321 3458 quod
1339 3375 1389 3439 ita

269 3469 338 3549 fiat,
357 3471 463 3536 homo
486 3471 597 3534 nescit
620 3469 781 3553 quamdiu
809 3469 844 3532 in
875 3487 1021 3552 corpore
1044 3469 1139 3544 vivit,
1159 3471 1319 3553 quoniam
1343 3470 1388 3534 ibi

653 3677 702 3730 [(ιι
715 3685 814 3719 nacnnu
823 3675 995 3730 amutal]

323 3782 366 3851 (α)
392 3779 482 3854 Quod
492 3777 657 3835 scientifica
668 3778 730 3834 sint
742 3777 904 3832 memoriae
914 3776 1067 3841 naturalis,
1080 3788 1216 3850 quaeest
1230 3771 1344 3834 homini
1358 3777 1389 3832 in

268 3869 321 3910 cor
363 3867 394 3906 re
409 3853 449 3920 (n.
465 3863 541 3922 5212,
555 3855 647 3918 9922),

321 3868 413 3995 guod
426 3921 519 3976 homo
532 3935 633 3976 secum
652 3918 729 3974 ierat
748 3929 818 3990 post
836 3929 965 3974 mortem
979 3934 1100 3974 omnem
1113 3918 1288 3974 memoriam
1301 3928 1389 3973 natu·

268 3995 360 4050 nalem
375 3996 415 4062 (n.
427 4003 478 4058 247
483 3992 524 4074 5);
542 3992 578 4045 ab
592 3991 772 4060 experientes
788 3991 828 4058 (n.
842 3989 1030 4059 2481-2486):
1049 3990 1102 4046 scd
1115 3989 1198 4060 quod
1211 4005 1248 4044 ex
1265 3989 1315 4044 illa
1328 4005 1389 4044 me·

270 4064 365 4120 moria
377 4079 438 4118 non
451 4061 564 4133 aquuid
578 4061 755 4132 depromere
770 4059 866 4132 possit
878 4061 957 4116 sicut
971 4060 1000 4116 in
1014 4059 1136 4124 mundo,
1149 4060 1190 4116 ob
1208 4059 1309 4132 plures
1321 4075 1389 4115 cau·

269 4151 316 4191 sas
331 4138 371 4204 tn·
385 4133 462 4200 247⁶,
476 4145 553 4199 2477.
568 4131 658 4200 2479).

323 4256 363 4398 g)
389 4253 478 4379 guod
492 4253 607 4336 colores
620 4249 811 4336 pulcherrimi
824 4261 988 4334 appareant
1002 4249 1031 4305 in
1045 4253 1128 4336 caelo
1143 4253 1186 4336 (n,
1199 4263 1275 4320 1053,
1289 4251 1377 4336 1624).

353 4342 393 4380 uo
424 4325 539 4380 calores
554 4340 582 4376 m
594 4321 678 4378 caelo
688 4333 749 4377 srnt
761 4339 798 4378 ex
810 4321 876 4377 luce
890 4323 938 4384 rbr,
947 4333 979 4376 et
990 4323 1072 4393 quod
1085 4333 1145 4377 sint
1157 4339 1223 4392 ejus
1236 4321 1390 4376 modrflce·

269 4398 369 4452 tiones
387 4413 440 4453 seu
456 4394 675 4466 variegationes
696 4394 737 4462 (n.
755 4405 1014 4463 1042,1043,1053,
1031 4393 1105 4460 1624,
1122 4407 1201 4464 3993,
1215 4405 1295 4462 4530,
1309 4407 1389 4462 4922,

268 4467 373 4594 mila
384 4537 465 4610 quod
479 4535 540 4592 sint
552 4534 745 4606 apparentiae
757 4534 821 4590 veri
836 4551 873 4590 ex
888 4535 978 4596 bono,
991 4550 1026 4590 ac
1042 4533 1212 4606 significent
1227 4534 1299 4590 talia
1314 4549 1390 4604 quae

270 4617 341 4666 sunt
354 4607 569 4680 intelligentiae
582 4617 613 4662 et
626 4606 790 4677 sapientiae
805 4607 845 4676 (n.
858 4617 937 4675 4530,
950 4605 1029 4672 4677,
1042 4620 1120 4676 4922,
1134 4605 1226 4675 9466).
