3408 5358
628 655 678 706 oa
700 647 896 722 comosus
919 656 961 706 lu
983 655 1119 708 cneco.
1372 655 1430 722 231

308 827 398 912 jugis
414 846 493 894 cum
508 827 656 912 conjuge
671 829 751 910 quia
766 849 803 892 se
817 831 940 892 mutuo
956 837 1084 892 emant.
1130 827 1186 892 Ex
1203 827 1255 892 his
1270 836 1434 892 constare

312 933 442 1006 potest,
463 924 577 1007 qualis
597 933 655 988 est
677 921 874 1005 conjunctio
897 925 1076 998 mentium,
1100 944 1187 1006 quae
1210 923 1292 988 iacit
1317 922 1433 1005 conju·

311 1020 416 1101 glum,
437 1028 477 1084 et
507 1019 666 1102 producit
695 1037 848 1082 amorem
876 1017 1110 1100 conjugialem,
1133 1019 1167 1082 in
1198 1017 1314 1092 caelis,
1337 1018 1434 1102 -quod

309 1133 435 1196 nempe
451 1115 507 1191 sit,
524 1114 616 1197 quod
632 1133 719 1176 unus
734 1112 818 1177 velit
838 1123 875 1178 ut
894 1133 956 1176 sua
974 1114 1043 1176 sint
1060 1113 1211 1189 alteriue,
1227 1122 1264 1177 et
1283 1113 1331 1178 sic
1348 1114 1433 1178 reci·

311 1229 426 1294 proce.
480 1273 482 1280 .

372 1317 474 1387 πυ.
504 1303 643 1370 Βίέιειῃ
662 1303 745 1368 mibi
765 1313 819 1368 est
842 1305 887 1368 ab
905 1303 1049 1386 angelis,
1068 1304 1160 1387 quod
1180 1313 1346 1387 quantum
1365 1304 1434 1368 duo

310 1397 475 1489 conjuges
493 1401 529 1462 in
548 1399 611 1464 tali
630 1397 869 1480 conjundtione
888 1409 980 1475 sunt,
996 1408 1135 1463 tantum
1159 1400 1193 1462 in
1213 1419 1329 1462 amore
1349 1419 1432 1464 con-

307 1494 427 1576 jugiali
445 1495 526 1570 sint,
549 1505 587 1558 et
604 1495 707 1558 simul
726 1505 864 1558 tantum
887 1495 921 1558 in
940 1494 1188 1577 intelligentia,
1208 1497 1378 1579 sapientia
1395 1505 1433 1560 et

307 1589 487 1664 felicitate,
506 1610 552 1653 ex
572 1609 677 1653 causa
695 1591 774 1671 quia
793 1589 955 1652 Divinum
971 1589 1103 1653 Verum
1122 1609 1162 1653 ac
1183 1589 1344 1654 Divinum
1364 1590 1431 1655 Bo·

309 1703 403 1759 num,
421 1703 469 1747 ex
487 1685 610 1768 quibus
629 1685 742 1748 omnis
761 1683 1006 1766 intelligentia,
1026 1685 1200 1766 sapientia
1217 1693 1254 1749 et
1272 1685 1431 1760 felicitas,

307 1779 544 1862 principaliter
558 1779 668 1844 influit
688 1781 721 1842 in
738 1798 892 1842 amorem
910 1778 1159 1860 conjugialem;
1181 1780 1324 1862 proinde
1340 1781 1431 1863 quod

309 1893 406 1939 emor
428 1873 631 1957 coniugialia
655 1875 700 1937 sit
734 1874 845 1956 ipsum
869 1873 1008 1954 planum
1032 1873 1180 1938 influxus
1204 1874 1330 1950 Divini,
1354 1876 1432 1958 quia

308 1969 409 2033 simul
428 1980 482 2034 est
501 1967 697 2050 conjugium
715 1969 786 2032 veri
806 1978 842 2032 et
862 1969 963 2048 boni;
987 1989 1067 2032 nam
1086 1970 1174 2033 sicut
1190 1979 1248 2033 est
1268 1968 1431 2052 conjunc-

307 2065 359 2130 tio
387 2061 585 2130 intelledtus
613 2073 650 2128 et
680 2063 882 2137 voluntatis,
906 2065 958 2126 ita
991 2084 1125 2147 quoque
1148 2073 1205 2128 est
1236 2061 1431 2146 conjundtio

306 2159 379 2223 veri
397 2168 434 2222 et
457 2157 549 2231 boni,
569 2157 730 2239 quoniam
748 2153 949 2220 intelleetus
967 2157 1089 2240 recipit
1110 2155 1271 2220 Divinum
1287 2156 1429 2232 Verum,

307 2253 473 2318 formatur
505 2253 612 2316 etiam
645 2273 690 2315 ex
724 2252 825 2325 veris,
853 2261 889 2315 et
919 2252 1085 2316 voluntas
1114 2253 1236 2332 recipit
1268 2251 1429 2316 Divinum

308 2348 453 2423 Bonum,
477 2355 513 2411 et
542 2367 677 2430 quoque
700 2345 866 2410 formatur
895 2367 940 2410 ex
970 2347 1092 2425 bonis;
1126 2347 1218 2430 quod
1241 2347 1332 2411 enim
1356 2346 1431 2411 vult

306 2443 412 2507 homo
430 2443 496 2506 hoc
519 2442 550 2504 ei
572 2442 699 2505 bonum
719 2451 784 2516 est,
805 2449 841 2506 et
864 2441 956 2524 quod
980 2441 1146 2524 intelligit
1168 2442 1235 2505 hoc
1258 2443 1289 2504 ei
1312 2461 1429 2505 verum

305 2547 381 2616 est3
411 2537 490 2600 inde
519 2545 586 2610 est,
606 2537 698 2618 quod
728 2536 819 2600 idem
851 2537 907 2610 sit,
928 2537 999 2600 sive
1029 2537 1124 2600 dicas
1154 2533 1429 2618 conjunctionem

306 2629 503 2698 intelle8ms
520 2641 557 2696 et
577 2631 780 2707 voluntatis,
801 2633 873 2694 sive
892 2632 987 2695 dicas
1005 2629 1281 2712 conjundtionem
1300 2632 1370 2696 veri
1392 2640 1429 2696 et

304 2727 398 2792 boni.
443 2723 648 2806 Conjundtio
671 2727 742 2790 veri
765 2736 801 2789 et
824 2725 905 2790 boni
929 2726 1011 2790 iacit
1034 2727 1209 2808 angelum,
1233 2737 1269 2791 et
1294 2747 1428 2810 quoque

305 2821 378 2905 ejus
397 2821 676 2902 intelligentiam,
697 2823 914 2902 sapientiam,
935 2831 970 2884 et
990 2820 1214 2900 felicitatem5
1238 2822 1318 2886 talis
1338 2823 1427 2885 enim

305 2924 360 2980 eet
379 2913 535 2996 angelus,
554 2915 644 2978 sicut
664 2914 791 2978 bonum
810 2914 900 2996 apud
919 2914 1016 2978 illum
1036 2913 1253 2996 conjundtum
1273 2925 1327 2979 est
1346 2936 1428 2978 vero

305 3031 346 3076 ac
370 3029 489 3074 verum
514 3009 629 3086 bono;
664 3029 724 3074 seu
747 3009 838 3091 quod
862 3009 965 3082 idem,
990 3008 1070 3072 talis
1093 3019 1147 3072 est
1170 3009 1315 3094 angelus
1339 3012 1427 3074 sicut

304 3106 396 3188 apud
418 3104 514 3168 illum
533 3123 630 3168 amor
652 3101 852 3186 conjunctus
875 3113 930 3168 est
959 3093 1048 3179 lide'i,
1068 3123 1109 3168 ac
1137 3103 1223 3168 fides
1247 3101 1427 3188 conjundta

304 3219 423 3266 amon.

368 3307 461 3376 3⁷1·
492 3291 594 3374 Quod
619 3291 780 3356 Divinum
799 3293 992 3376 procedens
1015 3313 1035 3357 a
1059 3291 1210 3356 Domino
1229 3293 1424 3376 principali-

304 3399 359 3454 ter
380 3388 498 3452 influat
521 3389 555 3450 in
578 3406 730 3450 amorem
750 3387 990 3469 conjugialem,
1015 3397 1068 3451 est
1092 3389 1170 3470 quia
1193 3408 1289 3451 amor
1307 3388 1424 3470 conju·

304 3484 405 3567 gialis
433 3483 613 3546 descendit
643 3503 688 3544 ex
719 3479 957 3563 conjundtione
976 3483 1057 3545 boni
1086 3492 1122 3546 et
1151 3484 1241 3560 veri;
1273 3501 1363 3556 nam,
1388 3493 1424 3547 ut

304 3575 550 3663 supradictum
573 3587 638 3650 est,
658 3577 730 3640 sive
753 3577 847 3641 dicas
870 3573 1145 3658 conjundtionem
1169 3575 1366 3641 intellectus
1388 3588 1424 3642 et

302 3673 504 3748 voluntarie,
535 3671 607 3734 sive
640 3669 914 3752 conjundtionem
944 3672 1025 3735 boni
1058 3681 1095 3736 et
1126 3673 1209 3747 veri,
1233 3673 1326 3736 idem
1355 3683 1423 3737 est.

304 3765 508 3850 conjooetio
527 3767 609 3830 boni
628 3777 664 3832 et
683 3769 754 3830 veri
774 3765 870 3830 ducit
890 3767 1057 3849 originem
1076 3787 1123 3832 ex
1146 3765 1273 3831 Divino
1292 3767 1423 3832 Amore

304 3864 442 3927 Domini
465 3882 549 3945 erga
571 3863 770 3945 omnesqui
792 3863 826 3925 in
850 3861 956 3926 caelis
977 3873 1069 3938 sunt,
1089 3873 1126 3928 et
1149 3864 1186 3928 in
1210 3863 1320 3927 terris.
1366 3863 1422 3927 Ex

303 3957 430 4022 Divino
460 3957 591 4022 Amore
625 3957 781 4039 procedit
815 3955 979 4022 Divinum
1013 3957 1159 4034 Bonum,
1190 3977 1230 4022 ac
1261 3957 1422 4022 Divinum

302 4053 437 4118 Bonum
455 4051 617 4134 recipitur
638 4051 683 4116 ab
704 4051 838 4136 angelis
865 4062 901 4116 et
932 4051 978 4116 ab
1003 4052 1198 4118 hominibus
1226 4053 1261 4118 in
1291 4051 1422 4116 Divinis

301 4150 409 4212 veris:
433 4147 544 4211 solum
562 4147 819 4228 receptaculum
838 4149 920 4211 boni
936 4157 993 4211 est
1012 4168 1151 4226 verum;
1171 4159 1384 4231 quapropter
1402 4169 1423 4211 a

301 4243 396 4307 nullo
414 4242 518 4324 recipi
541 4249 658 4324 potest
677 4241 804 4326 aliquid
828 4261 848 4306 a
871 4241 1021 4306 Domino
1044 4251 1079 4306 et
1101 4263 1121 4306 e
1143 4243 1252 4318 caelo,
1272 4245 1328 4325 qui
1351 4261 1420 4306 non

300 4337 334 4401 in
347 4337 436 4401 veris
448 4346 502 4400 est
515 4357 523 4414 ;
546 4345 711 4419 quantum
724 4337 840 4419 itaque
853 4357 933 4400 vera
945 4338 1035 4418 apud
1052 4336 1227 4402 hominem
1241 4335 1421 4420 conjunt’ta

300 4442 380 4496 sunt
396 4431 501 4508 bono,
519 4441 656 4496 tantum
672 4432 778 4496 homo
793 4429 996 4513 conjunctus
1012 4441 1066 4496 est
1086 4432 1237 4496 Domino
1256 4442 1292 4496 et
1309 4431 1419 4497 caelo.

300 4527 386 4594 Inde
406 4548 494 4592 nunc
518 4537 572 4592 est
596 4529 671 4611 ipsa
693 4529 790 4610 origo
813 4527 939 4592 amoris
959 4527 1161 4612 conjugialis
1174 4547 1183 4606 ;
1213 4536 1420 4612 quapropter

299 4634 353 4690 est
382 4623 441 4688 ille
470 4623 580 4704 ipsum
610 4623 750 4702 planum
770 4623 916 4686 influxus
947 4621 1070 4687 Divini.
1115 4623 1202 4688 Inde
1233 4633 1299 4700 est,
1327 4625 1417 4708 quod
