<?xml version="1.0" encoding="UTF-8"?>
<!DOCTYPE html PUBLIC "-//W3C//DTD XHTML 1.0 Transitional//EN"
    "http://www.w3.org/TR/xhtml1/DTD/xhtml1-transitional.dtd">
<html xmlns="http://www.w3.org/1999/xhtml" xml:lang="en" lang="en">
 <head>
  <title>
</title>
<meta http-equiv="Content-Type" content="text/html;charset=utf-8" />
  <meta name='ocr-system' content='tesseract 3.04.00' />
  <meta name='ocr-capabilities' content='ocr_page ocr_carea ocr_par ocr_line ocrx_word'/>
</head>
<body>
  <div class='ocr_page' id='page_1' title='image "./decaeloetejusmi00swedgoog_0051.png"; bbox 0 0 3368 5356; ppageno 0'>
   <div class='ocr_carea' id='block_1_1' title="bbox 263 611 1076 685">
    <p class='ocr_par' dir='ltr' id='par_1_1' title="bbox 263 611 1076 685">
     <span class='ocr_line' id='line_1_1' title="bbox 263 611 1076 685; baseline -0.009 -15"><span class='ocrx_word' id='word_1_1' title='bbox 263 623 308 685; x_wconf 84' lang='lat'>44</span> <span class='ocrx_word' id='word_1_2' title='bbox 593 615 646 667; x_wconf 83' lang='lat' dir='ltr'>na</span> <span class='ocrx_word' id='word_1_3' title='bbox 668 613 796 666; x_wconf 79' lang='lat' dir='ltr'>cnauo</span> <span class='ocrx_word' id='word_1_4' title='bbox 820 613 869 664; x_wconf 83' lang='lat' dir='ltr'>ar</span> <span class='ocrx_word' id='word_1_5' title='bbox 892 611 1076 665; x_wconf 76' lang='lat' dir='ltr'>ruraauo.</span> 
     </span>
    </p>
   </div>
   <div class='ocr_carea' id='block_1_2' title="bbox 263 783 1420 4013">
    <p class='ocr_par' dir='ltr' id='par_1_2' title="bbox 263 783 1397 2296">
     <span class='ocr_line' id='line_1_2' title="bbox 264 783 1392 872; baseline -0.004 -18"><span class='ocrx_word' id='word_1_6' title='bbox 264 797 410 854; x_wconf 79' lang='lat' dir='ltr'><strong>averunt</strong></span> <span class='ocrx_word' id='word_1_7' title='bbox 429 787 554 872; x_wconf 86' lang='lat' dir='ltr'>plures,</span> <span class='ocrx_word' id='word_1_8' title='bbox 574 787 631 871; x_wconf 87' lang='lat' dir='ltr'>qui</span> <span class='ocrx_word' id='word_1_9' title='bbox 650 795 823 851; x_wconf 88' lang='lat' dir='ltr'>noverunt</span> <span class='ocrx_word' id='word_1_10' title='bbox 839 784 977 850; x_wconf 88' lang='lat' dir='ltr'>mentiri</span> <span class='ocrx_word' id='word_1_11' title='bbox 996 784 1081 850; x_wconf 89' lang='lat' dir='ltr'>lucis</span> <span class='ocrx_word' id='word_1_12' title='bbox 1097 783 1266 868; x_wconf 60' lang='lat' dir='ltr'>angelon</span> <span class='ocrx_word' id='word_1_13' title='bbox 1290 793 1392 850; x_wconf 87' lang='lat' dir='ltr'>erant</span> 
     </span>
     <span class='ocr_line' id='line_1_3' title="bbox 263 879 1391 966; baseline -0.004 -17"><span class='ocrx_word' id='word_1_14' title='bbox 263 885 476 966; x_wconf 73' lang='lat' dir='ltr'><strong>hypocritae.</strong></span> <span class='ocrx_word' id='word_1_15' title='bbox 532 881 618 947; x_wconf 90' lang='lat' dir='ltr'>Cum</span> <span class='ocrx_word' id='word_1_16' title='bbox 647 882 682 946; x_wconf 91' lang='lat' dir='ltr'>hi</span> <span class='ocrx_word' id='word_1_17' title='bbox 710 889 953 965; x_wconf 82' lang='lat' dir='ltr'>separarentur</span> <span class='ocrx_word' id='word_1_18' title='bbox 974 881 1021 946; x_wconf 84' lang='lat' dir='ltr'>ab</span> <span class='ocrx_word' id='word_1_19' title='bbox 1041 881 1186 963; x_wconf 82' lang='lat' dir='ltr'>angelis,</span> <span class='ocrx_word' id='word_1_20' title='bbox 1209 879 1280 944; x_wconf 82' lang='lat' dir='ltr'>vidi</span> <span class='ocrx_word' id='word_1_21' title='bbox 1298 880 1391 964; x_wconf 91' lang='lat' dir='ltr'>quod</span> 
     </span>
     <span class='ocr_line' id='line_1_4' title="bbox 265 975 1391 1063; baseline -0.004 -19"><span class='ocrx_word' id='word_1_22' title='bbox 265 981 403 1063; x_wconf 86' lang='lat' dir='ltr'>integra</span> <span class='ocrx_word' id='word_1_23' title='bbox 422 979 571 1043; x_wconf 89' lang='lat' dir='ltr'>societas</span> <span class='ocrx_word' id='word_1_24' title='bbox 589 977 736 1061; x_wconf 92' lang='lat' dir='ltr'>primum</span> <span class='ocrx_word' id='word_1_25' title='bbox 754 985 937 1060; x_wconf 79' lang='lat' dir='ltr'>appareret</span> <span class='ocrx_word' id='word_1_26' title='bbox 960 976 1047 1040; x_wconf 85' lang='lat' dir='ltr'>sicut</span> <span class='ocrx_word' id='word_1_27' title='bbox 1069 995 1173 1039; x_wconf 89' lang='lat' dir='ltr'>unum</span> <span class='ocrx_word' id='word_1_28' title='bbox 1196 975 1391 1054; x_wconf 90' lang='lat' dir='ltr'>obscurum,</span> 
     </span>
     <span class='ocr_line' id='line_1_5' title="bbox 265 1071 1392 1158; baseline -0.004 -20"><span class='ocrx_word' id='word_1_29' title='bbox 265 1076 345 1140; x_wconf 89' lang='lat' dir='ltr'>dein</span> <span class='ocrx_word' id='word_1_30' title='bbox 368 1095 429 1158; x_wconf 88' lang='lat' dir='ltr'>per</span> <span class='ocrx_word' id='word_1_31' title='bbox 447 1074 576 1156; x_wconf 83' lang='lat' dir='ltr'>gradus</span> <span class='ocrx_word' id='word_1_32' title='bbox 597 1074 632 1136; x_wconf 93' lang='lat' dir='ltr'>in</span> <span class='ocrx_word' id='word_1_33' title='bbox 655 1073 764 1136; x_wconf 89' lang='lat' dir='ltr'>forma</span> <span class='ocrx_word' id='word_1_34' title='bbox 781 1073 932 1136; x_wconf 89' lang='lat' dir='ltr'>humana</span> <span class='ocrx_word' id='word_1_35' title='bbox 951 1072 1057 1136; x_wconf 88' lang='lat' dir='ltr'>etiam</span> <span class='ocrx_word' id='word_1_36' title='bbox 1077 1071 1232 1146; x_wconf 88' lang='lat' dir='ltr'>obscure,</span> <span class='ocrx_word' id='word_1_37' title='bbox 1253 1079 1288 1134; x_wconf 90' lang='lat' dir='ltr'>et</span> <span class='ocrx_word' id='word_1_38' title='bbox 1312 1079 1392 1134; x_wconf 89' lang='lat' dir='ltr'>tan·</span> 
     </span>
     <span class='ocr_line' id='line_1_6' title="bbox 265 1165 1391 1249; baseline -0.004 -16"><span class='ocrx_word' id='word_1_39' title='bbox 265 1171 344 1234; x_wconf 85' lang='lat' dir='ltr'>dem</span> <span class='ocrx_word' id='word_1_40' title='bbox 361 1169 395 1232; x_wconf 93' lang='lat' dir='ltr'>in</span> <span class='ocrx_word' id='word_1_41' title='bbox 412 1168 488 1232; x_wconf 86' lang='lat' dir='ltr'>luce</span> <span class='ocrx_word' id='word_1_42' title='bbox 504 1169 592 1231; x_wconf 89' lang='lat' dir='ltr'>sicut</span> <span class='ocrx_word' id='word_1_43' title='bbox 608 1167 722 1231; x_wconf 90' lang='lat' dir='ltr'>homo.</span> <span class='ocrx_word' id='word_1_44' title='bbox 769 1166 824 1230; x_wconf 94' lang='lat' dir='ltr'>Illi</span> <span class='ocrx_word' id='word_1_45' title='bbox 840 1166 896 1249; x_wconf 92' lang='lat' dir='ltr'>qui</span> <span class='ocrx_word' id='word_1_46' title='bbox 912 1166 946 1229; x_wconf 93' lang='lat' dir='ltr'>in</span> <span class='ocrx_word' id='word_1_47' title='bbox 963 1165 1103 1230; x_wconf 87' lang='lat' dir='ltr'>homine</span> <span class='ocrx_word' id='word_1_48' title='bbox 1118 1173 1226 1241; x_wconf 89' lang='lat' dir='ltr'>erant,</span> <span class='ocrx_word' id='word_1_49' title='bbox 1243 1173 1280 1228; x_wconf 89' lang='lat' dir='ltr'>et</span> <span class='ocrx_word' id='word_1_50' title='bbox 1295 1183 1391 1228; x_wconf 88' lang='lat' dir='ltr'>com·</span> 
     </span>
     <span class='ocr_line' id='line_1_7' title="bbox 265 1260 1393 1348; baseline -0.004 -20"><span class='ocrx_word' id='word_1_51' title='bbox 265 1265 444 1348; x_wconf 88' lang='lat' dir='ltr'>ponebant</span> <span class='ocrx_word' id='word_1_52' title='bbox 460 1263 568 1338; x_wconf 91' lang='lat' dir='ltr'>illum,</span> <span class='ocrx_word' id='word_1_53' title='bbox 585 1261 721 1326; x_wconf 88' lang='lat' dir='ltr'>fuerunt</span> <span class='ocrx_word' id='word_1_54' title='bbox 738 1263 795 1344; x_wconf 90' lang='lat' dir='ltr'>qui</span> <span class='ocrx_word' id='word_1_55' title='bbox 811 1261 845 1325; x_wconf 94' lang='lat' dir='ltr'>in</span> <span class='ocrx_word' id='word_1_56' title='bbox 862 1261 955 1325; x_wconf 89' lang='lat' dir='ltr'>bono</span> <span class='ocrx_word' id='word_1_57' title='bbox 971 1260 1061 1325; x_wconf 90' lang='lat' dir='ltr'>illius</span> <span class='ocrx_word' id='word_1_58' title='bbox 1077 1261 1257 1325; x_wconf 88' lang='lat' dir='ltr'>societatis</span> <span class='ocrx_word' id='word_1_59' title='bbox 1273 1270 1393 1338; x_wconf 88' lang='lat' dir='ltr'>erant;</span> 
     </span>
     <span class='ocr_line' id='line_1_8' title="bbox 266 1354 1393 1442; baseline -0.004 -19"><span class='ocrx_word' id='word_1_60' title='bbox 266 1359 372 1424; x_wconf 89' lang='lat' dir='ltr'>ceteri</span> <span class='ocrx_word' id='word_1_61' title='bbox 396 1360 453 1442; x_wconf 93' lang='lat' dir='ltr'>qui</span> <span class='ocrx_word' id='word_1_62' title='bbox 478 1377 546 1422; x_wconf 94' lang='lat' dir='ltr'>non</span> <span class='ocrx_word' id='word_1_63' title='bbox 570 1359 604 1421; x_wconf 93' lang='lat' dir='ltr'>in</span> <span class='ocrx_word' id='word_1_64' title='bbox 635 1377 678 1421; x_wconf 90' lang='lat' dir='ltr'>eo</span> <span class='ocrx_word' id='word_1_65' title='bbox 700 1357 839 1420; x_wconf 89' lang='lat' dir='ltr'>homine</span> <span class='ocrx_word' id='word_1_66' title='bbox 858 1366 967 1432; x_wconf 90' lang='lat' dir='ltr'>erant,</span> <span class='ocrx_word' id='word_1_67' title='bbox 988 1367 1024 1420; x_wconf 87' lang='lat' dir='ltr'>et</span> <span class='ocrx_word' id='word_1_68' title='bbox 1047 1375 1116 1419; x_wconf 91' lang='lat' dir='ltr'>non</span> <span class='ocrx_word' id='word_1_69' title='bbox 1136 1354 1393 1438; x_wconf 85' lang='lat' dir='ltr'>componebant</span> 
     </span>
     <span class='ocr_line' id='line_1_9' title="bbox 265 1449 1395 1536; baseline -0.005 -18"><span class='ocrx_word' id='word_1_70' title='bbox 265 1455 373 1530; x_wconf 87' lang='lat' dir='ltr'>illum,</span> <span class='ocrx_word' id='word_1_71' title='bbox 398 1462 496 1518; x_wconf 89' lang='lat' dir='ltr'>erant</span> <span class='ocrx_word' id='word_1_72' title='bbox 518 1453 743 1536; x_wconf 82' lang='lat' dir='ltr'>hypocritae:</span> <span class='ocrx_word' id='word_1_73' title='bbox 774 1452 809 1516; x_wconf 94' lang='lat' dir='ltr'>hi</span> <span class='ocrx_word' id='word_1_74' title='bbox 832 1449 949 1533; x_wconf 71' lang='lat' dir='ltr'>rejecti</span> <span class='ocrx_word' id='word_1_75' title='bbox 972 1461 1063 1526; x_wconf 89' lang='lat' dir='ltr'>sunt,</span> <span class='ocrx_word' id='word_1_76' title='bbox 1088 1450 1137 1514; x_wconf 92' lang='lat' dir='ltr'>illi</span> <span class='ocrx_word' id='word_1_77' title='bbox 1160 1451 1316 1529; x_wconf 87' lang='lat' dir='ltr'>detenti;</span> <span class='ocrx_word' id='word_1_78' title='bbox 1344 1451 1395 1513; x_wconf 88' lang='lat' dir='ltr'>ita</span> 
     </span>
     <span class='ocr_line' id='line_1_10' title="bbox 266 1545 1394 1631; baseline -0.004 -19"><span class='ocrx_word' id='word_1_79' title='bbox 266 1547 371 1612; x_wconf 87' lang='lat' dir='ltr'>fiebat</span> <span class='ocrx_word' id='word_1_80' title='bbox 388 1549 571 1631; x_wconf 83' lang='lat' dir='ltr'>separatio.</span> <span class='ocrx_word' id='word_1_81' title='bbox 619 1547 834 1630; x_wconf 87' lang='lat' dir='ltr'>Hypocritae</span> <span class='ocrx_word' id='word_1_82' title='bbox 850 1556 942 1622; x_wconf 92' lang='lat' dir='ltr'>sunt,</span> <span class='ocrx_word' id='word_1_83' title='bbox 960 1547 1016 1630; x_wconf 88' lang='lat' dir='ltr'>qui</span> <span class='ocrx_word' id='word_1_84' title='bbox 1035 1546 1221 1628; x_wconf 90' lang='lat' dir='ltr'>loquuntur</span> <span class='ocrx_word' id='word_1_85' title='bbox 1239 1545 1340 1620; x_wconf 89' lang='lat' dir='ltr'>bene,</span> <span class='ocrx_word' id='word_1_86' title='bbox 1357 1553 1394 1608; x_wconf 87' lang='lat' dir='ltr'>et</span> 
     </span>
     <span class='ocr_line' id='line_1_11' title="bbox 269 1639 1394 1727; baseline -0.003 -22"><span class='ocrx_word' id='word_1_87' title='bbox 269 1664 404 1727; x_wconf 89' lang='lat' dir='ltr'>quoque</span> <span class='ocrx_word' id='word_1_88' title='bbox 422 1644 552 1706; x_wconf 91' lang='lat' dir='ltr'>faciunt</span> <span class='ocrx_word' id='word_1_89' title='bbox 570 1643 669 1716; x_wconf 89' lang='lat' dir='ltr'>bene,</span> <span class='ocrx_word' id='word_1_90' title='bbox 691 1643 751 1706; x_wconf 89' lang='lat' dir='ltr'>sed</span> <span class='ocrx_word' id='word_1_91' title='bbox 771 1639 931 1724; x_wconf 68' lang='lat' dir='ltr'>spectant</span> <span class='ocrx_word' id='word_1_92' title='bbox 951 1642 1041 1704; x_wconf 91' lang='lat' dir='ltr'>sein</span> <span class='ocrx_word' id='word_1_93' title='bbox 1061 1640 1223 1722; x_wconf 86' lang='lat' dir='ltr'>singulis:</span> <span class='ocrx_word' id='word_1_94' title='bbox 1248 1640 1394 1723; x_wconf 91' lang='lat' dir='ltr'>loquun-</span> 
     </span>
     <span class='ocr_line' id='line_1_12' title="bbox 269 1735 1396 1819; baseline -0.005 -16"><span class='ocrx_word' id='word_1_95' title='bbox 269 1749 325 1804; x_wconf 90' lang='lat' dir='ltr'>tur</span> <span class='ocrx_word' id='word_1_96' title='bbox 344 1740 433 1802; x_wconf 86' lang='lat' dir='ltr'>sicut</span> <span class='ocrx_word' id='word_1_97' title='bbox 456 1737 572 1819; x_wconf 84' lang='lat' dir='ltr'>angeli</span> <span class='ocrx_word' id='word_1_98' title='bbox 596 1737 639 1802; x_wconf 90' lang='lat' dir='ltr'>de</span> <span class='ocrx_word' id='word_1_99' title='bbox 663 1737 824 1812; x_wconf 89' lang='lat' dir='ltr'>Domino,</span> <span class='ocrx_word' id='word_1_100' title='bbox 845 1736 890 1800; x_wconf 89' lang='lat' dir='ltr'>de</span> <span class='ocrx_word' id='word_1_101' title='bbox 912 1735 1021 1810; x_wconf 90' lang='lat' dir='ltr'>caelo,</span> <span class='ocrx_word' id='word_1_102' title='bbox 1042 1736 1086 1799; x_wconf 91' lang='lat' dir='ltr'>de</span> <span class='ocrx_word' id='word_1_103' title='bbox 1108 1755 1235 1811; x_wconf 89' lang='lat' dir='ltr'>amore,</span> <span class='ocrx_word' id='word_1_104' title='bbox 1256 1735 1300 1798; x_wconf 89' lang='lat' dir='ltr'>de</span> <span class='ocrx_word' id='word_1_105' title='bbox 1323 1735 1396 1800; x_wconf 87' lang='lat' dir='ltr'>vita</span> 
     </span>
     <span class='ocr_line' id='line_1_13' title="bbox 267 1829 1396 1922; baseline -0.004 -25"><span class='ocrx_word' id='word_1_106' title='bbox 267 1834 429 1911; x_wconf 82' lang='lat' dir='ltr'>caelesti3</span> <span class='ocrx_word' id='word_1_107' title='bbox 453 1843 489 1896; x_wconf 90' lang='lat' dir='ltr'>et</span> <span class='ocrx_word' id='word_1_108' title='bbox 508 1853 643 1916; x_wconf 90' lang='lat' dir='ltr'>quoque</span> <span class='ocrx_word' id='word_1_109' title='bbox 662 1832 792 1896; x_wconf 90' lang='lat' dir='ltr'>faciunt</span> <span class='ocrx_word' id='word_1_110' title='bbox 811 1832 911 1908; x_wconf 92' lang='lat' dir='ltr'>bene,</span> <span class='ocrx_word' id='word_1_111' title='bbox 932 1840 969 1894; x_wconf 90' lang='lat' dir='ltr'>ut</span> <span class='ocrx_word' id='word_1_112' title='bbox 986 1839 1176 1922; x_wconf 82' lang='lat' dir='ltr'>appareant</span> <span class='ocrx_word' id='word_1_113' title='bbox 1195 1831 1288 1914; x_wconf 91' lang='lat' dir='ltr'>quod</span> <span class='ocrx_word' id='word_1_114' title='bbox 1307 1829 1396 1894; x_wconf 87' lang='lat' dir='ltr'>tales</span> 
     </span>
     <span class='ocr_line' id='line_1_14' title="bbox 268 1926 1394 2011; baseline -0.003 -19"><span class='ocrx_word' id='word_1_115' title='bbox 268 1931 337 1993; x_wconf 93' lang='lat' dir='ltr'>sint</span> <span class='ocrx_word' id='word_1_116' title='bbox 361 1931 450 1992; x_wconf 88' lang='lat' dir='ltr'>sicut</span> <span class='ocrx_word' id='word_1_117' title='bbox 474 1929 678 2011; x_wconf 88' lang='lat' dir='ltr'>loquuntur:</span> <span class='ocrx_word' id='word_1_118' title='bbox 713 1928 774 1990; x_wconf 85' lang='lat' dir='ltr'>sed</span> <span class='ocrx_word' id='word_1_119' title='bbox 806 1929 967 2009; x_wconf 83' lang='lat' dir='ltr'>cogitant</span> <span class='ocrx_word' id='word_1_120' title='bbox 990 1927 1102 2003; x_wconf 88' lang='lat' dir='ltr'>aliter,</span> <span class='ocrx_word' id='word_1_121' title='bbox 1127 1926 1212 1990; x_wconf 85' lang='lat' dir='ltr'>nihil</span> <span class='ocrx_word' id='word_1_122' title='bbox 1236 1927 1394 2001; x_wconf 91' lang='lat' dir='ltr'>credunt,</span> 
     </span>
     <span class='ocr_line' id='line_1_15' title="bbox 269 2021 1397 2106; baseline -0.005 -18"><span class='ocrx_word' id='word_1_123' title='bbox 269 2043 333 2088; x_wconf 87' lang='lat' dir='ltr'>nec</span> <span class='ocrx_word' id='word_1_124' title='bbox 351 2023 475 2087; x_wconf 89' lang='lat' dir='ltr'>volunt</span> <span class='ocrx_word' id='word_1_125' title='bbox 492 2023 592 2087; x_wconf 91' lang='lat' dir='ltr'>alicui</span> <span class='ocrx_word' id='word_1_126' title='bbox 611 2023 738 2086; x_wconf 85' lang='lat' dir='ltr'>bonurn</span> <span class='ocrx_word' id='word_1_127' title='bbox 755 2040 857 2106; x_wconf 91' lang='lat' dir='ltr'>quam</span> <span class='ocrx_word' id='word_1_128' title='bbox 874 2021 958 2100; x_wconf 81' lang='lat' dir='ltr'>sibi3</span> <span class='ocrx_word' id='word_1_129' title='bbox 983 2022 1074 2104; x_wconf 93' lang='lat' dir='ltr'>quod</span> <span class='ocrx_word' id='word_1_130' title='bbox 1093 2021 1326 2096; x_wconf 76' lang='lat' dir='ltr'>benefaciant,</span> <span class='ocrx_word' id='word_1_131' title='bbox 1343 2027 1397 2082; x_wconf 87' lang='lat' dir='ltr'>est</span> 
     </span>
     <span class='ocr_line' id='line_1_16' title="bbox 267 2117 1395 2201; baseline -0.002 -19"><span class='ocrx_word' id='word_1_132' title='bbox 267 2127 409 2200; x_wconf 90' lang='lat' dir='ltr'>propter</span> <span class='ocrx_word' id='word_1_133' title='bbox 420 2137 480 2195; x_wconf 86' lang='lat' dir='ltr'>se;</span> <span class='ocrx_word' id='word_1_134' title='bbox 504 2119 532 2182; x_wconf 88' lang='lat' dir='ltr'>si</span> <span class='ocrx_word' id='word_1_135' title='bbox 548 2127 690 2201; x_wconf 89' lang='lat' dir='ltr'>propter</span> <span class='ocrx_word' id='word_1_136' title='bbox 702 2117 799 2194; x_wconf 89' lang='lat' dir='ltr'>alios,</span> <span class='ocrx_word' id='word_1_137' title='bbox 813 2127 868 2181; x_wconf 86' lang='lat' dir='ltr'>est</span> <span class='ocrx_word' id='word_1_138' title='bbox 884 2125 922 2180; x_wconf 92' lang='lat' dir='ltr'>ut</span> <span class='ocrx_word' id='word_1_139' title='bbox 935 2117 1126 2194; x_wconf 89' lang='lat' dir='ltr'>videantur,</span> <span class='ocrx_word' id='word_1_140' title='bbox 1142 2125 1178 2181; x_wconf 90' lang='lat' dir='ltr'>et</span> <span class='ocrx_word' id='word_1_141' title='bbox 1195 2118 1243 2181; x_wconf 88' lang='lat' dir='ltr'>sic</span> <span class='ocrx_word' id='word_1_142' title='bbox 1259 2135 1395 2200; x_wconf 87' lang='lat' dir='ltr'>quoque</span> 
     </span>
     <span class='ocr_line' id='line_1_17' title="bbox 268 2223 476 2296; baseline 0 -20"><span class='ocrx_word' id='word_1_143' title='bbox 268 2223 411 2296; x_wconf 91' lang='lat' dir='ltr'>propter</span> <span class='ocrx_word' id='word_1_144' title='bbox 429 2233 476 2276; x_wconf 88' lang='lat' dir='ltr'>se.</span> 
     </span>
    </p>

    <p class='ocr_par' dir='ltr' id='par_1_3' title="bbox 268 2305 1420 3039">
     <span class='ocr_line' id='line_1_18' title="bbox 332 2305 1420 2390; baseline 0.001 -19"><span class='ocrx_word' id='word_1_145' title='bbox 332 2308 409 2388; x_wconf 79' lang='lat'>69.</span> <span class='ocrx_word' id='word_1_146' title='bbox 439 2307 542 2389; x_wconf 87' lang='lat' dir='ltr'>Quod</span> <span class='ocrx_word' id='word_1_147' title='bbox 562 2309 698 2390; x_wconf 87' lang='lat' dir='ltr'>integra</span> <span class='ocrx_word' id='word_1_148' title='bbox 715 2307 865 2372; x_wconf 87' lang='lat' dir='ltr'>societas</span> <span class='ocrx_word' id='word_1_149' title='bbox 881 2307 1049 2390; x_wconf 84' lang='lat' dir='ltr'>angelica,</span> <span class='ocrx_word' id='word_1_150' title='bbox 1067 2327 1144 2371; x_wconf 90' lang='lat' dir='ltr'>cum</span> <span class='ocrx_word' id='word_1_151' title='bbox 1164 2307 1333 2372; x_wconf 89' lang='lat' dir='ltr'>Dominus</span> <span class='ocrx_word' id='word_1_152' title='bbox 1351 2305 1420 2388; x_wconf 43' lang='lat' dir='ltr'>Se,</span> 
     </span>
     <span class='ocr_line' id='line_1_19' title="bbox 268 2403 1394 2494; baseline 0.001 -29"><span class='ocrx_word' id='word_1_153' title='bbox 268 2412 489 2486; x_wconf 86' lang='lat' dir='ltr'>praesentem</span> <span class='ocrx_word' id='word_1_154' title='bbox 517 2404 621 2477; x_wconf 89' lang='lat' dir='ltr'>sistit,</span> <span class='ocrx_word' id='word_1_155' title='bbox 646 2414 812 2486; x_wconf 88' lang='lat' dir='ltr'>appareat</span> <span class='ocrx_word' id='word_1_156' title='bbox 843 2413 880 2467; x_wconf 93' lang='lat' dir='ltr'>ut</span> <span class='ocrx_word' id='word_1_157' title='bbox 910 2423 1014 2494; x_wconf 86' lang='lat' dir='ltr'>unum</span> <span class='ocrx_word' id='word_1_158' title='bbox 1045 2403 1078 2466; x_wconf 93' lang='lat' dir='ltr'>in</span> <span class='ocrx_word' id='word_1_159' title='bbox 1106 2403 1215 2468; x_wconf 87' lang='lat' dir='ltr'>forma</span> <span class='ocrx_word' id='word_1_160' title='bbox 1234 2403 1394 2478; x_wconf 89' lang='lat' dir='ltr'>humana,</span> 
     </span>
     <span class='ocr_line' id='line_1_20' title="bbox 269 2498 1396 2582; baseline 0 -20"><span class='ocrx_word' id='word_1_161' title='bbox 269 2499 374 2562; x_wconf 88' lang='lat' dir='ltr'>etiam</span> <span class='ocrx_word' id='word_1_162' title='bbox 388 2499 508 2562; x_wconf 86' lang='lat' dir='ltr'>datum</span> <span class='ocrx_word' id='word_1_163' title='bbox 527 2509 582 2562; x_wconf 91' lang='lat' dir='ltr'>est</span> <span class='ocrx_word' id='word_1_164' title='bbox 601 2499 728 2570; x_wconf 89' lang='lat' dir='ltr'>videre.</span> <span class='ocrx_word' id='word_1_165' title='bbox 773 2499 979 2582; x_wconf 90' lang='lat' dir='ltr'>Apparebat</span> <span class='ocrx_word' id='word_1_166' title='bbox 998 2499 1032 2561; x_wconf 92' lang='lat' dir='ltr'>in</span> <span class='ocrx_word' id='word_1_167' title='bbox 1051 2498 1126 2562; x_wconf 90' lang='lat' dir='ltr'>alto</span> <span class='ocrx_word' id='word_1_168' title='bbox 1144 2519 1263 2562; x_wconf 90' lang='lat' dir='ltr'>versus</span> <span class='ocrx_word' id='word_1_169' title='bbox 1281 2507 1396 2562; x_wconf 89' lang='lat' dir='ltr'>ortum</span> 
     </span>
     <span class='ocr_line' id='line_1_21' title="bbox 269 2593 1395 2669; baseline 0 -13"><span class='ocrx_word' id='word_1_170' title='bbox 269 2595 358 2657; x_wconf 91' lang='lat' dir='ltr'>sicut</span> <span class='ocrx_word' id='word_1_171' title='bbox 374 2594 482 2657; x_wconf 89' lang='lat' dir='ltr'>nubes</span> <span class='ocrx_word' id='word_1_172' title='bbox 499 2613 519 2656; x_wconf 91' lang='lat' dir='ltr'>a</span> <span class='ocrx_word' id='word_1_173' title='bbox 534 2593 684 2656; x_wconf 87' lang='lat' dir='ltr'>candido</span> <span class='ocrx_word' id='word_1_174' title='bbox 700 2595 887 2657; x_wconf 87' lang='lat' dir='ltr'>rubescens</span> <span class='ocrx_word' id='word_1_175' title='bbox 903 2613 980 2658; x_wconf 90' lang='lat' dir='ltr'>curn</span> <span class='ocrx_word' id='word_1_176' title='bbox 998 2593 1147 2657; x_wconf 88' lang='lat' dir='ltr'>stellulis</span> <span class='ocrx_word' id='word_1_177' title='bbox 1163 2595 1395 2669; x_wconf 89' lang='lat' dir='ltr'>circumcirca,</span> 
     </span>
     <span class='ocr_line' id='line_1_22' title="bbox 269 2689 1398 2774; baseline 0.002 -22"><span class='ocrx_word' id='word_1_178' title='bbox 269 2711 357 2774; x_wconf 89' lang='lat' dir='ltr'>quae</span> <span class='ocrx_word' id='word_1_179' title='bbox 373 2690 628 2768; x_wconf 88' lang='lat' dir='ltr'>descendebat;</span> <span class='ocrx_word' id='word_1_180' title='bbox 653 2689 712 2752; x_wconf 88' lang='lat' dir='ltr'>illa</span> <span class='ocrx_word' id='word_1_181' title='bbox 729 2711 789 2773; x_wconf 91' lang='lat' dir='ltr'>per</span> <span class='ocrx_word' id='word_1_182' title='bbox 805 2691 933 2773; x_wconf 85' lang='lat' dir='ltr'>gradus</span> <span class='ocrx_word' id='word_1_183' title='bbox 946 2692 1034 2754; x_wconf 85' lang='lat' dir='ltr'>sicut</span> <span class='ocrx_word' id='word_1_184' title='bbox 1047 2691 1239 2766; x_wconf 91' lang='lat' dir='ltr'>descendit,</span> <span class='ocrx_word' id='word_1_185' title='bbox 1254 2690 1398 2754; x_wconf 90' lang='lat' dir='ltr'>lucidior</span> 
     </span>
     <span class='ocr_line' id='line_1_23' title="bbox 268 2782 1396 2868; baseline 0.002 -21"><span class='ocrx_word' id='word_1_186' title='bbox 268 2782 360 2848; x_wconf 69' lang='lat' dir='ltr'>saeta</span> <span class='ocrx_word' id='word_1_187' title='bbox 379 2793 443 2858; x_wconf 89' lang='lat' dir='ltr'>est,</span> <span class='ocrx_word' id='word_1_188' title='bbox 461 2793 497 2848; x_wconf 90' lang='lat' dir='ltr'>et</span> <span class='ocrx_word' id='word_1_189' title='bbox 517 2785 659 2848; x_wconf 88' lang='lat' dir='ltr'>tandem</span> <span class='ocrx_word' id='word_1_190' title='bbox 679 2786 753 2847; x_wconf 89' lang='lat' dir='ltr'>visa</span> <span class='ocrx_word' id='word_1_191' title='bbox 771 2785 805 2848; x_wconf 93' lang='lat' dir='ltr'>in</span> <span class='ocrx_word' id='word_1_192' title='bbox 824 2785 934 2848; x_wconf 91' lang='lat' dir='ltr'>forma</span> <span class='ocrx_word' id='word_1_193' title='bbox 949 2783 1098 2868; x_wconf 69' lang='lat' dir='ltr'>perfecte</span> <span class='ocrx_word' id='word_1_194' title='bbox 1115 2785 1286 2849; x_wconf 87' lang='lat' dir='ltr'>humana:</span> <span class='ocrx_word' id='word_1_195' title='bbox 1311 2783 1396 2849; x_wconf 89' lang='lat' dir='ltr'>stel-</span> 
     </span>
     <span class='ocr_line' id='line_1_24' title="bbox 269 2879 1398 2965; baseline 0.001 -22"><span class='ocrx_word' id='word_1_196' title='bbox 269 2879 360 2944; x_wconf 87' lang='lat' dir='ltr'>lulae</span> <span class='ocrx_word' id='word_1_197' title='bbox 379 2879 598 2944; x_wconf 88' lang='lat' dir='ltr'>circumcirca</span> <span class='ocrx_word' id='word_1_198' title='bbox 617 2881 743 2944; x_wconf 91' lang='lat' dir='ltr'>nubem</span> <span class='ocrx_word' id='word_1_199' title='bbox 760 2891 858 2946; x_wconf 88' lang='lat' dir='ltr'>erant</span> <span class='ocrx_word' id='word_1_200' title='bbox 877 2880 1005 2964; x_wconf 88' lang='lat' dir='ltr'>angeli,</span> <span class='ocrx_word' id='word_1_201' title='bbox 1022 2881 1078 2964; x_wconf 92' lang='lat' dir='ltr'>qui</span> <span class='ocrx_word' id='word_1_202' title='bbox 1097 2881 1147 2945; x_wconf 88' lang='lat' dir='ltr'>ita</span> <span class='ocrx_word' id='word_1_203' title='bbox 1166 2889 1398 2965; x_wconf 89' lang='lat' dir='ltr'>apparuerunt</span> 
     </span>
     <span class='ocr_line' id='line_1_25' title="bbox 270 2975 632 3039; baseline 0 -1"><span class='ocrx_word' id='word_1_204' title='bbox 270 2995 290 3038; x_wconf 91' lang='lat' dir='ltr'>a</span> <span class='ocrx_word' id='word_1_205' title='bbox 309 2975 385 3038; x_wconf 90' lang='lat' dir='ltr'>luce</span> <span class='ocrx_word' id='word_1_206' title='bbox 404 2995 449 3038; x_wconf 88' lang='lat' dir='ltr'>ex</span> <span class='ocrx_word' id='word_1_207' title='bbox 470 2975 632 3039; x_wconf 90' lang='lat' dir='ltr'>Domino.</span> 
     </span>
    </p>

    <p class='ocr_par' dir='ltr' id='par_1_4' title="bbox 270 3068 1399 3915">
     <span class='ocr_line' id='line_1_26' title="bbox 334 3068 1399 3154; baseline 0 -20"><span class='ocrx_word' id='word_1_208' title='bbox 334 3081 406 3151; x_wconf 80' lang='grc'>70.</span> <span class='ocrx_word' id='word_1_209' title='bbox 437 3068 621 3133; x_wconf 88' lang='lat' dir='ltr'>Sciendum</span> <span class='ocrx_word' id='word_1_210' title='bbox 651 3079 719 3146; x_wconf 86' lang='lat' dir='ltr'>est,</span> <span class='ocrx_word' id='word_1_211' title='bbox 739 3071 831 3153; x_wconf 90' lang='lat' dir='ltr'>quod</span> <span class='ocrx_word' id='word_1_212' title='bbox 861 3071 1002 3136; x_wconf 92' lang='lat' dir='ltr'>tametsi</span> <span class='ocrx_word' id='word_1_213' title='bbox 1031 3091 1160 3136; x_wconf 87' lang='lat' dir='ltr'>omnes·</span> <span class='ocrx_word' id='word_1_214' title='bbox 1181 3071 1238 3154; x_wconf 91' lang='lat' dir='ltr'>qui</span> <span class='ocrx_word' id='word_1_215' title='bbox 1267 3071 1301 3134; x_wconf 93' lang='lat' dir='ltr'>in</span> <span class='ocrx_word' id='word_1_216' title='bbox 1330 3090 1399 3134; x_wconf 88' lang='lat' dir='ltr'>una</span> 
     </span>
     <span class='ocr_line' id='line_1_27' title="bbox 272 3165 1397 3250; baseline 0.001 -23"><span class='ocrx_word' id='word_1_217' title='bbox 272 3167 443 3228; x_wconf 88' lang='lat' dir='ltr'>societate</span> <span class='ocrx_word' id='word_1_218' title='bbox 466 3165 553 3228; x_wconf 90' lang='lat' dir='ltr'>caeli</span> <span class='ocrx_word' id='word_1_219' title='bbox 577 3174 668 3242; x_wconf 89' lang='lat' dir='ltr'>sunt,</span> <span class='ocrx_word' id='word_1_220' title='bbox 693 3167 833 3249; x_wconf 88' lang='lat' dir='ltr'>quando</span> <span class='ocrx_word' id='word_1_221' title='bbox 856 3167 956 3230; x_wconf 87' lang='lat' dir='ltr'>simul</span> <span class='ocrx_word' id='word_1_222' title='bbox 981 3176 1018 3231; x_wconf 91' lang='lat' dir='ltr'>ut</span> <span class='ocrx_word' id='word_1_223' title='bbox 1042 3187 1145 3230; x_wconf 88' lang='lat' dir='ltr'>unum</span> <span class='ocrx_word' id='word_1_224' title='bbox 1170 3175 1340 3250; x_wconf 89' lang='lat' dir='ltr'>apparent</span> <span class='ocrx_word' id='word_1_225' title='bbox 1362 3165 1397 3228; x_wconf 92' lang='lat' dir='ltr'>in</span> 
     </span>
     <span class='ocr_line' id='line_1_28' title="bbox 271 3261 1398 3346; baseline 0.001 -22"><span class='ocrx_word' id='word_1_226' title='bbox 271 3261 492 3326; x_wconf 89' lang='lat' dir='ltr'>similitudine</span> <span class='ocrx_word' id='word_1_227' title='bbox 515 3261 673 3337; x_wconf 87' lang='lat' dir='ltr'>hominis,</span> <span class='ocrx_word' id='word_1_228' title='bbox 698 3283 805 3346; x_wconf 88' lang='lat' dir='ltr'>usque</span> <span class='ocrx_word' id='word_1_229' title='bbox 829 3283 898 3326; x_wconf 92' lang='lat' dir='ltr'>non</span> <span class='ocrx_word' id='word_1_230' title='bbox 929 3285 996 3327; x_wconf 89' lang='lat' dir='ltr'>una</span> <span class='ocrx_word' id='word_1_231' title='bbox 1024 3265 1175 3328; x_wconf 90' lang='lat' dir='ltr'>societas</span> <span class='ocrx_word' id='word_1_232' title='bbox 1205 3265 1249 3328; x_wconf 87' lang='lat' dir='ltr'>sit</span> <span class='ocrx_word' id='word_1_233' title='bbox 1279 3261 1398 3326; x_wconf 88' lang='lat' dir='ltr'>similis</span> 
     </span>
     <span class='ocr_line' id='line_1_29' title="bbox 270 3356 1398 3440; baseline 0.002 -20"><span class='ocrx_word' id='word_1_234' title='bbox 270 3356 376 3420; x_wconf 92' lang='lat' dir='ltr'>homo</span> <span class='ocrx_word' id='word_1_235' title='bbox 396 3358 485 3420; x_wconf 91' lang='lat' dir='ltr'>sicut</span> <span class='ocrx_word' id='word_1_236' title='bbox 504 3357 635 3436; x_wconf 83' lang='lat' dir='ltr'>altera3</span> <span class='ocrx_word' id='word_1_237' title='bbox 659 3357 917 3440; x_wconf 84' lang='lat' dir='ltr'>distinguuntur</span> <span class='ocrx_word' id='word_1_238' title='bbox 935 3359 1027 3424; x_wconf 89' lang='lat' dir='ltr'>inter</span> <span class='ocrx_word' id='word_1_239' title='bbox 1045 3379 1082 3423; x_wconf 89' lang='lat' dir='ltr'>se</span> <span class='ocrx_word' id='word_1_240' title='bbox 1102 3360 1192 3424; x_wconf 92' lang='lat' dir='ltr'>sicut</span> <span class='ocrx_word' id='word_1_241' title='bbox 1210 3359 1314 3424; x_wconf 88' lang='lat' dir='ltr'>facies</span> <span class='ocrx_word' id='word_1_242' title='bbox 1333 3358 1398 3422; x_wconf 90' lang='lat' dir='ltr'>hu·</span> 
     </span>
     <span class='ocr_line' id='line_1_30' title="bbox 271 3450 1396 3538; baseline 0 -22"><span class='ocrx_word' id='word_1_243' title='bbox 271 3473 394 3516; x_wconf 88' lang='lat' dir='ltr'>manae</span> <span class='ocrx_word' id='word_1_244' title='bbox 413 3473 459 3515; x_wconf 86' lang='lat' dir='ltr'>ex</span> <span class='ocrx_word' id='word_1_245' title='bbox 478 3473 544 3514; x_wconf 93' lang='lat' dir='ltr'>una</span> <span class='ocrx_word' id='word_1_246' title='bbox 563 3453 690 3535; x_wconf 80' lang='lat' dir='ltr'>stirpe3</span> <span class='ocrx_word' id='word_1_247' title='bbox 725 3475 771 3517; x_wconf 90' lang='lat' dir='ltr'>ex</span> <span class='ocrx_word' id='word_1_248' title='bbox 800 3453 902 3518; x_wconf 91' lang='lat' dir='ltr'>simili</span> <span class='ocrx_word' id='word_1_249' title='bbox 932 3475 1045 3536; x_wconf 83' lang='lat' dir='ltr'>causa,</span> <span class='ocrx_word' id='word_1_250' title='bbox 1069 3455 1112 3519; x_wconf 88' lang='lat' dir='ltr'>de</span> <span class='ocrx_word' id='word_1_251' title='bbox 1139 3475 1205 3538; x_wconf 92' lang='lat' dir='ltr'>qua</span> <span class='ocrx_word' id='word_1_252' title='bbox 1228 3455 1319 3537; x_wconf 90' lang='lat' dir='ltr'>prius</span> <span class='ocrx_word' id='word_1_253' title='bbox 1348 3450 1396 3535; x_wconf 92' lang='lat' dir='ltr'>(n.</span> 
     </span>
     <span class='ocr_line' id='line_1_31' title="bbox 271 3545 1398 3630; baseline 0.002 -20"><span class='ocrx_word' id='word_1_254' title='bbox 271 3545 341 3630; x_wconf 88' lang='lat'>47),</span> <span class='ocrx_word' id='word_1_255' title='bbox 366 3548 456 3630; x_wconf 91' lang='lat' dir='ltr'>quod</span> <span class='ocrx_word' id='word_1_256' title='bbox 480 3567 605 3629; x_wconf 88' lang='lat' dir='ltr'>nempe</span> <span class='ocrx_word' id='word_1_257' title='bbox 629 3551 803 3612; x_wconf 90' lang='lat' dir='ltr'>varientur</span> <span class='ocrx_word' id='word_1_258' title='bbox 826 3551 1012 3614; x_wconf 90' lang='lat' dir='ltr'>secundum</span> <span class='ocrx_word' id='word_1_259' title='bbox 1036 3550 1224 3614; x_wconf 88' lang='lat' dir='ltr'>varietates</span> <span class='ocrx_word' id='word_1_260' title='bbox 1246 3548 1338 3626; x_wconf 90' lang='lat' dir='ltr'>boni,</span> <span class='ocrx_word' id='word_1_261' title='bbox 1362 3549 1398 3612; x_wconf 88' lang='lat' dir='ltr'>in</span> 
     </span>
     <span class='ocr_line' id='line_1_32' title="bbox 271 3642 1396 3728; baseline 0.002 -24"><span class='ocrx_word' id='word_1_262' title='bbox 271 3663 340 3726; x_wconf 90' lang='lat' dir='ltr'>quo</span> <span class='ocrx_word' id='word_1_263' title='bbox 359 3652 450 3717; x_wconf 91' lang='lat' dir='ltr'>sunt,</span> <span class='ocrx_word' id='word_1_264' title='bbox 475 3653 511 3706; x_wconf 90' lang='lat' dir='ltr'>et</span> <span class='ocrx_word' id='word_1_265' title='bbox 534 3643 625 3725; x_wconf 90' lang='lat' dir='ltr'>quod</span> <span class='ocrx_word' id='word_1_266' title='bbox 644 3643 768 3707; x_wconf 89' lang='lat' dir='ltr'>format</span> <span class='ocrx_word' id='word_1_267' title='bbox 792 3644 881 3708; x_wconf 91' lang='lat' dir='ltr'>illos.</span> <span class='ocrx_word' id='word_1_268' title='bbox 928 3645 967 3708; x_wconf 90' lang='lat' dir='ltr'>ln</span> <span class='ocrx_word' id='word_1_269' title='bbox 992 3643 1239 3728; x_wconf 71' lang='lat' dir='ltr'>perfedtissima</span> <span class='ocrx_word' id='word_1_270' title='bbox 1262 3653 1298 3708; x_wconf 88' lang='lat' dir='ltr'>et</span> <span class='ocrx_word' id='word_1_271' title='bbox 1321 3642 1396 3725; x_wconf 89' lang='lat' dir='ltr'>pul·</span> 
     </span>
     <span class='ocr_line' id='line_1_33' title="bbox 273 3736 1398 3823; baseline 0 -22"><span class='ocrx_word' id='word_1_272' title='bbox 273 3737 442 3801; x_wconf 89' lang='lat' dir='ltr'>cherrima</span> <span class='ocrx_word' id='word_1_273' title='bbox 454 3736 562 3800; x_wconf 88' lang='lat' dir='ltr'>forma</span> <span class='ocrx_word' id='word_1_274' title='bbox 577 3739 728 3803; x_wconf 88' lang='lat' dir='ltr'>humana</span> <span class='ocrx_word' id='word_1_275' title='bbox 740 3749 908 3822; x_wconf 90' lang='lat' dir='ltr'>apparent</span> <span class='ocrx_word' id='word_1_276' title='bbox 922 3742 1110 3804; x_wconf 87' lang='lat' dir='ltr'>societates</span> <span class='ocrx_word' id='word_1_277' title='bbox 1122 3759 1209 3823; x_wconf 86' lang='lat' dir='ltr'>quae</span> <span class='ocrx_word' id='word_1_278' title='bbox 1225 3740 1258 3802; x_wconf 92' lang='lat' dir='ltr'>in</span> <span class='ocrx_word' id='word_1_279' title='bbox 1275 3739 1398 3802; x_wconf 93' lang='lat' dir='ltr'>intimo</span> 
     </span>
     <span class='ocr_line' id='line_1_34' title="bbox 273 3832 1058 3915; baseline 0.004 -20"><span class='ocrx_word' id='word_1_280' title='bbox 273 3852 332 3896; x_wconf 90' lang='lat' dir='ltr'>seu</span> <span class='ocrx_word' id='word_1_281' title='bbox 352 3852 512 3915; x_wconf 89' lang='lat' dir='ltr'>supremo</span> <span class='ocrx_word' id='word_1_282' title='bbox 531 3832 630 3896; x_wconf 90' lang='lat' dir='ltr'>caelo</span> <span class='ocrx_word' id='word_1_283' title='bbox 649 3842 739 3909; x_wconf 89' lang='lat' dir='ltr'>sunt,</span> <span class='ocrx_word' id='word_1_284' title='bbox 761 3845 797 3898; x_wconf 91' lang='lat' dir='ltr'>et</span> <span class='ocrx_word' id='word_1_285' title='bbox 815 3835 861 3898; x_wconf 93' lang='lat' dir='ltr'>ibi</span> <span class='ocrx_word' id='word_1_286' title='bbox 880 3836 914 3898; x_wconf 92' lang='lat' dir='ltr'>in</span> <span class='ocrx_word' id='word_1_287' title='bbox 935 3836 1058 3898; x_wconf 92' lang='lat' dir='ltr'>medio.</span> 
     </span>
    </p>

    <p class='ocr_par' dir='ltr' id='par_1_5' title="bbox 335 3925 1398 4013">
     <span class='ocr_line' id='line_1_35' title="bbox 335 3925 1398 4013; baseline 0.002 -24"><span class='ocrx_word' id='word_1_288' title='bbox 335 3937 400 4008; x_wconf 78' lang='lat'>71·</span> <span class='ocrx_word' id='word_1_289' title='bbox 431 3925 629 3991; x_wconf 89' lang='lat' dir='ltr'>Memoratu</span> <span class='ocrx_word' id='word_1_290' title='bbox 652 3928 796 4010; x_wconf 86' lang='lat' dir='ltr'>dignum</span> <span class='ocrx_word' id='word_1_291' title='bbox 820 3939 885 4005; x_wconf 92' lang='lat' dir='ltr'>est,</span> <span class='ocrx_word' id='word_1_292' title='bbox 909 3931 1001 4012; x_wconf 92' lang='lat' dir='ltr'>quod</span> <span class='ocrx_word' id='word_1_293' title='bbox 1025 3950 1093 4013; x_wconf 91' lang='lat' dir='ltr'>quo</span> <span class='ocrx_word' id='word_1_294' title='bbox 1122 3929 1236 4012; x_wconf 90' lang='lat' dir='ltr'>plures</span> <span class='ocrx_word' id='word_1_295' title='bbox 1266 3929 1300 3992; x_wconf 95' lang='lat' dir='ltr'>in</span> <span class='ocrx_word' id='word_1_296' title='bbox 1331 3947 1398 3991; x_wconf 89' lang='lat' dir='ltr'>una</span> 
     </span>
    </p>
   </div>
   <div class='ocr_carea' id='block_1_3' title="bbox 272 4021 1399 4680">
    <p class='ocr_par' dir='ltr' id='par_1_6' title="bbox 272 4021 1399 4680">
     <span class='ocr_line' id='line_1_36' title="bbox 273 4021 1399 4108; baseline 0.004 -24"><span class='ocrx_word' id='word_1_297' title='bbox 273 4021 443 4085; x_wconf 87' lang='lat' dir='ltr'>societate</span> <span class='ocrx_word' id='word_1_298' title='bbox 467 4021 553 4085; x_wconf 90' lang='lat' dir='ltr'>caeli</span> <span class='ocrx_word' id='word_1_299' title='bbox 578 4032 670 4098; x_wconf 89' lang='lat' dir='ltr'>sunt,</span> <span class='ocrx_word' id='word_1_300' title='bbox 698 4033 734 4087; x_wconf 91' lang='lat' dir='ltr'>et</span> <span class='ocrx_word' id='word_1_301' title='bbox 764 4023 813 4087; x_wconf 93' lang='lat' dir='ltr'>illi</span> <span class='ocrx_word' id='word_1_302' title='bbox 843 4044 947 4087; x_wconf 90' lang='lat' dir='ltr'>unum</span> <span class='ocrx_word' id='word_1_303' title='bbox 977 4034 1098 4108; x_wconf 85' lang='lat' dir='ltr'>agunt,</span> <span class='ocrx_word' id='word_1_304' title='bbox 1118 4045 1160 4088; x_wconf 94' lang='lat' dir='ltr'>eo</span> <span class='ocrx_word' id='word_1_305' title='bbox 1189 4023 1261 4106; x_wconf 88' lang='lat' dir='ltr'>ejus</span> <span class='ocrx_word' id='word_1_306' title='bbox 1290 4023 1399 4088; x_wconf 89' lang='lat' dir='ltr'>forma</span> 
     </span>
     <span class='ocr_line' id='line_1_37' title="bbox 272 4115 1397 4198; baseline 0.001 -18"><span class='ocrx_word' id='word_1_307' title='bbox 272 4117 423 4180; x_wconf 90' lang='lat' dir='ltr'>humana</span> <span class='ocrx_word' id='word_1_308' title='bbox 439 4115 620 4198; x_wconf 70' lang='lat' dir='ltr'>perfectior</span> <span class='ocrx_word' id='word_1_309' title='bbox 638 4119 704 4194; x_wconf 89' lang='lat' dir='ltr'>sit;</span> <span class='ocrx_word' id='word_1_310' title='bbox 729 4139 809 4182; x_wconf 86' lang='lat' dir='ltr'>narn</span> <span class='ocrx_word' id='word_1_311' title='bbox 826 4121 975 4183; x_wconf 87' lang='lat' dir='ltr'>varietas</span> <span class='ocrx_word' id='word_1_312' title='bbox 994 4121 1028 4183; x_wconf 94' lang='lat' dir='ltr'>in</span> <span class='ocrx_word' id='word_1_313' title='bbox 1047 4119 1191 4183; x_wconf 90' lang='lat' dir='ltr'>formam</span> <span class='ocrx_word' id='word_1_314' title='bbox 1208 4118 1397 4183; x_wconf 86' lang='lat' dir='ltr'>caelestem</span> 
     </span>
     <span class='ocr_line' id='line_1_38' title="bbox 273 4211 1397 4298; baseline 0.003 -23"><span class='ocrx_word' id='word_1_315' title='bbox 273 4213 443 4294; x_wconf 90' lang='lat' dir='ltr'>disposita</span> <span class='ocrx_word' id='word_1_316' title='bbox 455 4212 537 4276; x_wconf 87' lang='lat' dir='ltr'>facit</span> <span class='ocrx_word' id='word_1_317' title='bbox 553 4211 809 4295; x_wconf 72' lang='lat' dir='ltr'>perfectionem,</span> <span class='ocrx_word' id='word_1_318' title='bbox 824 4225 860 4279; x_wconf 91' lang='lat' dir='ltr'>ut</span> <span class='ocrx_word' id='word_1_319' title='bbox 877 4217 968 4298; x_wconf 89' lang='lat' dir='ltr'>prius</span> <span class='ocrx_word' id='word_1_320' title='bbox 987 4214 1034 4296; x_wconf 88' lang='lat' dir='ltr'>(n.</span> <span class='ocrx_word' id='word_1_321' title='bbox 1055 4215 1108 4298; x_wconf 80' lang='lat'>56)</span> <span class='ocrx_word' id='word_1_322' title='bbox 1126 4223 1305 4278; x_wconf 90' lang='lat' dir='ltr'>ostensum</span> <span class='ocrx_word' id='word_1_323' title='bbox 1321 4223 1397 4292; x_wconf 91' lang='lat' dir='ltr'>est;</span> 
     </span>
     <span class='ocr_line' id='line_1_39' title="bbox 274 4309 1398 4392; baseline 0 -20"><span class='ocrx_word' id='word_1_324' title='bbox 274 4317 310 4372; x_wconf 91' lang='lat' dir='ltr'>et</span> <span class='ocrx_word' id='word_1_325' title='bbox 333 4309 482 4372; x_wconf 87' lang='lat' dir='ltr'>varietas</span> <span class='ocrx_word' id='word_1_326' title='bbox 501 4309 604 4372; x_wconf 91' lang='lat' dir='ltr'>datur</span> <span class='ocrx_word' id='word_1_327' title='bbox 627 4309 683 4372; x_wconf 92' lang='lat' dir='ltr'>ubi</span> <span class='ocrx_word' id='word_1_328' title='bbox 706 4309 830 4392; x_wconf 89' lang='lat' dir='ltr'>plures.</span> <span class='ocrx_word' id='word_1_329' title='bbox 876 4309 999 4375; x_wconf 90' lang='lat' dir='ltr'>Omnis</span> <span class='ocrx_word' id='word_1_330' title='bbox 1018 4312 1123 4375; x_wconf 90' lang='lat' dir='ltr'>etiam</span> <span class='ocrx_word' id='word_1_331' title='bbox 1142 4311 1291 4375; x_wconf 87' lang='lat' dir='ltr'>societas</span> <span class='ocrx_word' id='word_1_332' title='bbox 1310 4309 1398 4374; x_wconf 91' lang='lat' dir='ltr'>caeli</span> 
     </span>
     <span class='ocr_line' id='line_1_40' title="bbox 274 4403 1398 4488; baseline 0 -20"><span class='ocrx_word' id='word_1_333' title='bbox 274 4403 398 4468; x_wconf 88' lang='lat' dir='ltr'>crescit</span> <span class='ocrx_word' id='word_1_334' title='bbox 418 4423 561 4467; x_wconf 89' lang='lat' dir='ltr'>numero</span> <span class='ocrx_word' id='word_1_335' title='bbox 579 4403 709 4483; x_wconf 88' lang='lat' dir='ltr'>indies;</span> <span class='ocrx_word' id='word_1_336' title='bbox 736 4415 773 4470; x_wconf 85' lang='lat' dir='ltr'>et</span> <span class='ocrx_word' id='word_1_337' title='bbox 796 4407 884 4470; x_wconf 89' lang='lat' dir='ltr'>sicut</span> <span class='ocrx_word' id='word_1_338' title='bbox 902 4407 1036 4476; x_wconf 87' lang='lat' dir='ltr'>crescit.</span> <span class='ocrx_word' id='word_1_339' title='bbox 1057 4403 1239 4488; x_wconf 70' lang='lat' dir='ltr'>perfectior</span> <span class='ocrx_word' id='word_1_340' title='bbox 1260 4403 1321 4469; x_wconf 89' lang='lat' dir='ltr'>fit:</span> <span class='ocrx_word' id='word_1_341' title='bbox 1349 4405 1398 4469; x_wconf 91' lang='lat' dir='ltr'>sic</span> 
     </span>
     <span class='ocr_line' id='line_1_41' title="bbox 274 4499 1397 4582; baseline 0.001 -19"><span class='ocrx_word' id='word_1_342' title='bbox 274 4519 344 4564; x_wconf 92' lang='lat' dir='ltr'>non</span> <span class='ocrx_word' id='word_1_343' title='bbox 367 4499 472 4564; x_wconf 92' lang='lat' dir='ltr'>modo</span> <span class='ocrx_word' id='word_1_344' title='bbox 495 4501 646 4564; x_wconf 87' lang='lat' dir='ltr'>societas</span> <span class='ocrx_word' id='word_1_345' title='bbox 669 4499 853 4582; x_wconf 85' lang='lat' dir='ltr'>perficitur,</span> <span class='ocrx_word' id='word_1_346' title='bbox 874 4502 935 4566; x_wconf 91' lang='lat' dir='ltr'>sed</span> <span class='ocrx_word' id='word_1_347' title='bbox 958 4503 1064 4566; x_wconf 92' lang='lat' dir='ltr'>etiarn</span> <span class='ocrx_word' id='word_1_348' title='bbox 1087 4501 1220 4566; x_wconf 87' lang='lat' dir='ltr'>caelum</span> <span class='ocrx_word' id='word_1_349' title='bbox 1243 4501 1277 4566; x_wconf 94' lang='lat' dir='ltr'>in</span> <span class='ocrx_word' id='word_1_350' title='bbox 1301 4517 1397 4566; x_wconf 91' lang='lat' dir='ltr'>com·</span> 
     </span>
     <span class='ocr_line' id='line_1_42' title="bbox 275 4595 1399 4680; baseline 0 -20"><span class='ocrx_word' id='word_1_351' title='bbox 275 4595 379 4672; x_wconf 90' lang='lat' dir='ltr'>muni,</span> <span class='ocrx_word' id='word_1_352' title='bbox 399 4597 478 4679; x_wconf 86' lang='lat' dir='ltr'>quia</span> <span class='ocrx_word' id='word_1_353' title='bbox 496 4597 686 4662; x_wconf 87' lang='lat' dir='ltr'>societates</span> <span class='ocrx_word' id='word_1_354' title='bbox 705 4598 923 4663; x_wconf 85' lang='lat' dir='ltr'>constituunt</span> <span class='ocrx_word' id='word_1_355' title='bbox 938 4597 1081 4662; x_wconf 87' lang='lat' dir='ltr'>caelum.</span> <span class='ocrx_word' id='word_1_356' title='bbox 1127 4595 1300 4680; x_wconf 86' lang='lat' dir='ltr'>Quoniam</span> <span class='ocrx_word' id='word_1_357' title='bbox 1320 4615 1399 4661; x_wconf 88' lang='lat' dir='ltr'>cae·</span> 
     </span>
    </p>
   </div>
   <div class='ocr_carea' id='block_1_4' title="bbox 0 0 1701 5356">
    <p class='ocr_par' dir='ltr' id='par_1_7' title="bbox 0 0 1701 5356">
     <span class='ocr_line' id='line_1_43' title="bbox 0 0 1701 5356; baseline 0 0"><span class='ocrx_word' id='word_1_358' title='bbox 0 0 1701 5356; x_wconf 95' lang='lat' dir='ltr'> </span> 
     </span>
    </p>
   </div>
  </div>
 </body>
</html>
