3408 5358
292 633 355 716 236
613 649 663 702 os
685 650 811 702 casso
835 651 883 702 ετ
906 653 1079 708 rurunuo

289 827 373 886 cunt
402 841 505 904 porro
533 823 626 906 quod
655 823 760 887 homo
789 843 893 906 aegre
922 824 988 890 hoc
1019 826 1305 906 comprehendat,
1332 827 1413 912 quia

288 917 388 999 pauci
410 927 491 982 sunt
515 918 572 1001 qui
601 919 635 982 in
658 919 809 1001 genuino
831 939 948 984 amore
971 919 1156 1003 conjugiali
1179 929 1271 997 sunt,
1295 930 1332 988 et
1355 923 1412 1006 qui

287 1013 323 1078 in
341 1011 403 1077 iilo
421 1033 491 1078 non
515 1023 608 1091 sunt,
628 1033 767 1097 prorsus
785 1015 869 1080 nibil
886 1016 999 1080 sciunt
1018 1015 1062 1080 de
1080 1015 1234 1081 interiori
1249 1015 1411 1098 jucundo,

287 1108 380 1192 quod
402 1108 438 1172 in
459 1107 521 1172 illo
538 1128 657 1174 amore
679 1119 745 1186 est,
765 1111 827 1174 sed
851 1111 964 1175 solum
993 1110 1037 1175 de
1063 1108 1216 1193 jucundo
1239 1111 1411 1190 lasciviae.

288 1203 379 1286 quod
388 1201 574 1284 jucundum
586 1206 734 1270 vertitur
748 1207 783 1270 in
794 1203 1013 1290 injucundum
1025 1217 1105 1289 post
1117 1206 1257 1272 brevem
1270 1207 1412 1273 cohabi-

288 1299 478 1378 tationem
501 1307 540 1362 at
555 1297 741 1381 jucundum
757 1302 883 1367 amoris
899 1321 979 1366 vere
994 1300 1196 1384 conjugialis
1211 1321 1282 1366 non
1301 1303 1412 1366 solum

288 1403 423 1477 perstat
452 1394 495 1458 ad
526 1391 700 1458 senectam
730 1395 765 1459 in
791 1395 931 1470 mundo,
951 1395 1013 1458 sed
1035 1397 1140 1460 etiarn
1167 1394 1206 1460 fit
1224 1395 1412 1478 jucundum

288 1490 374 1554 caeli
394 1499 473 1572 post
489 1489 633 1566 obitum,
647 1499 684 1554 et
700 1499 783 1555 tunc
799 1489 950 1554 interiori
963 1489 1114 1572 jucundo
1130 1491 1303 1574 impletur,
1320 1492 1412 1575 quod

288 1583 461 1668 perficitur
482 1585 517 1648 in
540 1594 729 1650 aeternum.
774 1585 948 1650 Dixerunt
971 1586 1089 1662 etiam,
1109 1587 1200 1669 quod
1224 1587 1412 1652 beatitudi-

288 1701 350 1746 nes
372 1681 498 1744 amoris
525 1700 605 1744 vere
634 1679 836 1762 conjugialis
859 1681 994 1764 possint
1017 1683 1209 1746 enumerari
1237 1683 1281 1746 ad
1314 1683 1414 1764 plura

288 1775 405 1852 millia,
425 1796 567 1860 quarum
586 1796 630 1840 ne
649 1777 785 1859 quidem
804 1797 872 1840 uua
889 1777 1018 1842 homini
1038 1787 1123 1850 nota
1141 1788 1206 1852 est,
1227 1797 1290 1844 nec
1310 1778 1413 1842 intel-

288 1869 380 1935 lectu
399 1871 646 1954 comprehendi
662 1881 779 1954 potest
806 1872 851 1936 ab
876 1872 1004 1955 aliquo,
1023 1873 1081 1956 qui
1103 1893 1173 1938 non
1195 1874 1230 1938 in
1253 1873 1413 1956 conjugio

288 1965 369 2030 boni
388 1975 424 2030 et
442 1966 514 2030 veri
532 1976 588 2031 est
606 1987 627 2030 a
645 1966 806 2030 Domino.

351 2061 457 2144 380.
487 2060 597 2125 Amor
613 2062 753 2126 dominii
770 2062 868 2125 unius
883 2081 985 2144 super
1000 2062 1147 2128 alterum
1163 2083 1302 2146 prorsus
1318 2063 1413 2130 tollit

289 2175 441 2220 amorem
460 2155 700 2238 conjugialem‚
721 2165 757 2222 et
776 2157 847 2238 ejus
866 2157 1019 2222 caeleste
1032 2157 1241 2240 jucundum
1266 2177 1357 2235 nam,
1375 2168 1413 2224 ut

289 2271 391 2334 supra
413 2249 542 2316 dictum
562 2262 628 2327 est,
648 2269 743 2316 amor
762 2251 965 2334 conjugialis
983 2263 1020 2318 et
1038 2251 1109 2334 ejus
1123 2251 1309 2334 jucundum
1329 2273 1412 2318 con·

288 2348 380 2410 sistit
396 2347 430 2410 in
449 2367 503 2422 eo,
521 2356 559 2412 ut
578 2347 675 2410 unius
691 2346 854 2412 voluntas
872 2349 918 2412 sit
933 2347 1085 2424 alterius,
1102 2356 1139 2412 et
1156 2347 1221 2412 hoc
1238 2359 1359 2414 mutuo
1375 2360 1413 2414 et

288 2443 460 2506 vicissim:
495 2441 561 2506 hoc
592 2462 689 2506 amor
719 2442 861 2506 dominii
890 2443 925 2508 in
952 2442 1113 2526 conjugio
1142 2443 1301 2519 destruit,
1333 2463 1412 2508 nam

289 2537 473 2601 dominans
488 2537 564 2600 vult
584 2547 621 2602 ut
644 2557 704 2600 sua
723 2537 886 2600 voluntas
905 2537 981 2602 sola
1002 2539 1047 2602 sit
1070 2539 1105 2602 in
1128 2538 1251 2614 altero,
1271 2535 1308 2604 et
1326 2540 1413 2602 reci·

289 2652 393 2715 proce
412 2631 554 2696 alterius
578 2633 612 2696 in
635 2642 746 2696 semet
766 2632 869 2708 nulla,
890 2633 970 2697 iude
994 2653 1064 2698 non
1082 2643 1249 2708 mutuum,
1270 2633 1413 2716 proinde

289 2729 386 2793 nulla
407 2730 677 2793 communicatio
700 2728 841 2810 alicujus
864 2729 990 2794 amoris
1017 2739 1053 2792 et
1081 2729 1151 2810 ejus
1171 2728 1312 2811 jucundi
1335 2749 1412 2794 cum

289 2824 412 2900 altero,
443 2833 481 2887 et
513 2825 686 2902 vicissim3
715 2843 801 2905 quae
828 2832 947 2888 tamen
971 2825 1239 2888 communicatio
1267 2835 1304 2890 et
1334 2825 1413 2890 inde

289 2917 485 3000 conjund‘tio
517 2927 571 2982 est
604 2919 679 2999 ipsa
707 2919 849 2982 interior
875 2917 1085 3000 jucunditas,
1116 2938 1204 3001 quae
1233 2919 1414 2984 beatitudo

289 3023 443 3089 vocatur,
461 3014 495 3076 in
514 3011 695 3094 conjugio;
719 3031 815 3076 arnor
830 3011 973 3076 dominii
990 3012 1080 3078 hanc
1097 3013 1361 3090 beatitudinem,
1378 3023 1414 3080 et

289 3127 366 3173 cum
386 3107 446 3172 illa
464 3127 567 3174 omne
587 3108 741 3172 caeleste
759 3117 795 3172 ct
815 3107 990 3188 spirituale
1009 3107 1099 3173 illius
1117 3110 1255 3185 amoris,
1275 3129 1414 3190 prorsus

290 3204 496 3285 exstinguit,
510 3223 617 3286 usque
632 3203 722 3266 adeo
738 3213 775 3266 ut
793 3222 860 3266 non
879 3203 1006 3268 sciatur
1021 3203 1114 3286 quod
1131 3205 1176 3268 sit
1191 3225 1199 3283 ;
1223 3213 1259 3268 et
1276 3205 1303 3268 si
1319 3205 1414 3270 dice·

290 3308 395 3372 retur,
419 3319 482 3381 pro
510 3307 583 3362 tam
613 3298 671 3362 vili
701 3297 896 3374 haberetur,
920 3308 958 3362 ut
987 3298 1032 3362 ad
1062 3298 1172 3362 solam
1202 3299 1414 3364 mentionem

290 3393 515 3458 beatitudinis
538 3393 618 3457 inde
640 3392 696 3458 vel
720 3393 871 3456 riderent
895 3392 951 3458 vel
982 3394 1220 3458 irascerentur.
1265 3391 1415 3475 Quando

291 3509 378 3552 unus
396 3488 471 3552 vult
490 3508 549 3551 seu
572 3497 667 3552 amat
690 3487 782 3570 quod
804 3487 905 3563 alter,
925 3497 1007 3552 tunc
1031 3487 1174 3552 liberum
1193 3497 1249 3552 est
1271 3489 1414 3571 utrique,

292 3603 372 3648 nam
395 3602 498 3647 omne
521 3581 665 3646 liberum
689 3593 742 3646 est
766 3583 913 3660 amoris;
942 3592 979 3646 at
1003 3582 1146 3646 liberum
1170 3582 1254 3646 nulli
1272 3593 1339 3659 est,
1360 3581 1416 3648 ubi

291 3680 499 3744 dominium:
524 3697 609 3742 unus
622 3687 677 3742 est
693 3697 832 3756 servus;
855 3678 1039 3742 dominans
1057 3697 1203 3761 quoque,
1223 3678 1302 3760 quia
1321 3677 1415 3742 duci·

346 3916 437 3992 Quod
450 3919 555 4044 pplures
569 3933 679 3973 uxores
694 3917 783 3972 simul
802 3918 912 3972 ducere
931 3917 971 3972 sit
990 3928 1096 3972 contra
1114 3917 1251 3972 ordinem
1272 3915 1415 3972 Divinum

294 3987 599 4074 (¹1·¹0835[¹0§37])·
1023 4059 1055 4072 ..
1157 4059 1163 4072 ,
1293 4059 1299 4072 ,

347 4058 438 4131 Quod
455 4075 629 4184 conjufruru
645 4075 706 4114 uon
722 4069 764 4114 sit
778 4075 836 4114 nrsr
852 4075 940 4114 unius
956 4068 1056 4114 manti
1069 4068 1100 4114 et
1112 4074 1202 4114 umus
1214 4073 1325 4120 uxoris.
1338 4058 1417 4113 clare

293 4131 374 4204 perci
399 4132 477 4186 iatur
488 4133 526 4185 ab
540 4131 548 4184 i
562 4130 598 4185 lis
612 4130 664 4202 qui
681 4131 711 4184 in
727 4145 819 4200 reguo
834 4130 956 4186 caelesti
977 4128 1100 4184 Domini
1116 4139 1188 4185 sunt
1204 4131 1245 4198 (n.
1262 4129 1323 4198 865,
1339 4127 1419 4212 3²⁴⁶3

293 4148 480 4272 9902ff9002,
493 4199 584 4272 9961]‚
598 4202 711 4270 1017a);
729 4215 819 4255 causa
832 4210 887 4262 est,
898 4201 969 4272 quia
980 4201 1079 4272 angeli
1093 4201 1133 4255 ibi
1147 4201 1177 4256 in
1190 4199 1336 4272 conjugio
1347 4199 1417 4256 bour

293 4285 325 4330 et
337 4273 399 4327 veri
412 4283 483 4326 sunt
498 4275 538 4341 (n.
553 4271 643 4340 3246).

347 4341 437 4416 Quod
458 4343 636 4413 permissum
656 4341 746 4396 iuerit
761 4341 844 4414 genti
862 4340 1043 4397 Israeliticae
1057 4343 1157 4413 plures
1172 4357 1281 4396 uxores
1299 4342 1418 4406 ducere,

294 4415 382 4472 etad
402 4430 510 4470 uxores
527 4413 692 4485 adjungere
709 4413 901 4476 concubinas.
921 4423 1102 4470 nouantem
1122 4411 1309 4476 Christianis,
1328 4427 1419 4468 causa

294 4495 360 4542 erat
371 4485 442 4554 quia
450 4501 525 4556 gens
536 4485 587 4540 ilia
599 4483 628 4538 in
639 4483 772 4540 externis
784 4483 897 4554 absque
911 4483 1036 4539 internis
1046 4493 1126 4548 erat;
1141 4481 1306 4540 Christiani
1316 4493 1417 4540 autern

338 4565 425 4612 ssunt
439 4572 506 4614 esse
521 4555 552 4612 iu
568 4553 704 4617 internis,
718 4553 761 4610 ita
776 4554 806 4610 in
821 4553 966 4628 conjugio
979 4555 1051 4610 boni
1066 4566 1097 4611 et
1111 4555 1174 4611 veri
1191 4557 1231 4611 (n.
1247 4554 1326 4626 ³²4⁶·
1338 4553 1418 4623 4837,

296 4571 390 4698 8309).
