3408 5358
598 659 650 711 ns
672 657 869 725 couJuous
892 658 933 710 1u
956 655 1092 710 casco.
1345 657 1406 723 233

282 835 390 902 trahit
413 833 581 917 originem
604 853 650 898 ex
678 831 845 915 spirituali
863 831 945 915 ejus,
965 831 1126 915 quoniam
1154 849 1200 894 ex
1227 827 1408 896 intellectu

283 941 319 996 et
349 929 553 1008 voluntate;
587 925 784 993 intellectus
814 937 851 992 et
880 927 1043 992 voluntas
1072 925 1202 990 iaciunt
1230 924 1407 990 bominem

282 1026 507 1109 spiritualem.
554 1008 724 1107 Quicquid
747 1045 768 1087 a
791 1022 959 1106 spirituali
982 1023 1122 1086 homine
1144 1022 1179 1086 in
1201 1041 1326 1104 corpus
1345 1021 1406 1086 de·

282 1121 428 1196 scendit,
452 1121 518 1186 hoc
549 1120 594 1183 ibi
618 1139 655 1184 se
677 1118 741 1182 sub
759 1118 828 1182 alia
856 1119 971 1200 specie
1000 1119 1103 1192 sistit,
1127 1117 1190 1182 sed
1217 1135 1323 1199 usque
1352 1126 1407 1182 est

282 1217 393 1281 simile
408 1227 446 1282 et
465 1216 675 1290 unanimum,
692 1215 782 1278 sicut
798 1223 853 1278 est
868 1214 986 1278 anima
999 1222 1035 1277 et
1051 1232 1186 1295 corpus,
1200 1221 1237 1275 et
1253 1213 1341 1276 sicut
1352 1221 1406 1276 est

282 1333 385 1376 causa
403 1322 439 1377 et
458 1309 609 1386 effectus,
626 1319 664 1373 ut
683 1318 845 1373 constare
865 1317 982 1391 potest
1000 1327 1046 1372 ex
1065 1308 1132 1372 illis
1154 1327 1242 1390 quae
1261 1307 1295 1370 in
1318 1307 1407 1370 binis

281 1408 435 1472 articulis
454 1407 497 1472 de
517 1405 843 1488 correspondentiis
861 1402 954 1468 did’ra
972 1413 1009 1467 et
1027 1413 1169 1468 ostensa
1188 1410 1279 1467 sunt.

343 1516 441 1586 374.
472 1501 600 1566 Audivi
615 1500 778 1583 angelum
791 1500 1046 1564 describentem
1059 1518 1212 1563 amorem
1228 1518 1309 1562 vere
1322 1515 1406 1561 con-

277 1597 444 1681 jugialem
466 1607 502 1662 et
525 1596 697 1661 caelestes
716 1594 787 1676 ejus
808 1595 1055 1676 jucunditates,
1075 1594 1137 1658 tali
1160 1594 1286 1673 modo;
1313 1592 1406 1676 quod

281 1694 327 1756 sit
344 1693 506 1756 Divinum
523 1691 663 1755 Domini
681 1693 715 1754 in
732 1691 846 1766 caelis,
860 1691 952 1773 quod
968 1701 1023 1754 est
1040 1690 1202 1754 Divinum
1219 1689 1354 1754 Bonum
1370 1696 1407 1752 et

282 1788 445 1852 Divinum
462 1787 602 1862 Verum,
621 1788 753 1850 unitum
772 1787 806 1850 in
825 1786 969 1862 duobus,
987 1807 1093 1868 usque
1109 1795 1147 1850 ut
1166 1805 1236 1850 non
1253 1785 1321 1848 duo
1337 1783 1406 1848 sint

282 1881 342 1946 sed
359 1892 397 1946 ut
415 1901 536 1946 unum:
561 1883 711 1955 dicebat,
726 1882 818 1964 quod
835 1881 903 1944 duo
917 1881 1080 1964 conjuges
1096 1881 1130 1944 in
1147 1880 1246 1945 caelo
1262 1880 1331 1944 sint
1347 1879 1406 1944 ille

282 1997 388 2055 amor,
409 1979 488 2060 quia
506 1977 737 2059 unusquisque
760 1987 815 2040 est
834 1996 932 2040 suum
951 1976 1079 2040 bonum
1102 1985 1138 2040 et
1160 1994 1258 2039 suum
1274 1995 1405 2051 verum,

282 2083 354 2138 tam
374 2073 488 2156 quoad
508 2082 659 2136 mentem
683 2091 785 2155 quarn
805 2071 918 2154 quoad
942 2091 1078 2153 corpus,
1098 2091 1179 2134 nam
1202 2090 1327 2152 corpus
1350 2078 1405 2133 est

283 2171 411 2233 mentis
429 2167 573 2248 effigies,
594 2169 672 2249 quia
691 2167 876 2230 formatum
895 2167 938 2228 ad
958 2165 1030 2248 ejus
1048 2167 1166 2230 instar.
1213 2165 1406 2230 Inducebat

282 2263 373 2341 inde,
392 2265 483 2348 quod
502 2263 664 2326 Divinum
681 2264 726 2326 sit
743 2260 932 2343 effigiatum
949 2261 983 2324 in
999 2261 1144 2336 duobus,
1162 2262 1218 2344 qui
1237 2262 1272 2324 in
1288 2279 1405 2324 amore

282 2380 362 2424 vere
386 2359 570 2440 conjugiali
594 2368 698 2436 sunt;
733 2369 768 2421 et
792 2357 870 2439 quia
893 2355 1065 2431 Divinum,
1091 2357 1182 2439 quod
1205 2357 1312 2420 etiam
1332 2353 1405 2418 effi·

281 2456 413 2536 glatum
445 2455 490 2518 sit
520 2453 666 2528 caelum,
691 2453 769 2535 quia
788 2453 982 2515 universum
1006 2451 1139 2516 caelum
1162 2462 1217 2515 est
1241 2449 1405 2538 Divinum

282 2549 416 2614 Bonum
435 2561 471 2614 et
492 2549 653 2612 Divinum
672 2547 803 2611 Verum
823 2547 1013 2629 procedens
1032 2567 1053 2610 a
1074 2546 1235 2621 Domino,
1255 2557 1291 2610 et
1314 2547 1405 2629 quod

281 2647 361 2710 inde
380 2647 424 2710 sit
443 2645 534 2729 quod
555 2645 669 2708 omnia
689 2643 775 2707 caeli
798 2643 847 2706 illi
870 2644 979 2706 amori
1002 2643 1167 2725 inscripta
1186 2643 1264 2718 sint,
1285 2663 1324 2706 ac
1349 2653 1405 2708 tot

282 2741 517 2832 beatitudines
536 2749 572 2804 et
587 2739 823 2820 jucunditates
843 2747 881 2802 ut
901 2739 1076 2802 excedant
1095 2757 1284 2801 numerum.
1329 2737 1404 2801 Ex·

281 2837 452 2919 primebat
485 2853 662 2898 numerum
696 2855 756 2916 per
789 2853 911 2898 vocem
941 2853 1027 2916 quae
1056 2833 1202 2898 involvit
1232 2833 1405 2914 myriades

282 2931 483 3013 myriadum.
528 2929 674 2993 Miratus
691 2941 745 2993 est
762 2930 852 3012 quod
869 2929 975 2992 homo
991 2929 1158 2992 ecclesiae
1174 2929 1259 2992 nihil
1275 2930 1319 2993 de
1338 2929 1403 2993 hoc

281 3028 379 3102 sciat,
400 3045 476 3092 cum
496 3035 614 3090 tamen
634 3024 781 3090 ecclesia
798 3035 853 3089 est
874 3025 1007 3088 caelum
1026 3025 1166 3088 Domini
1185 3026 1218 3088 in
1237 3027 1348 3101 terris,
1369 3035 1405 3090 et

281 3121 415 3186 caelum
433 3131 488 3185 est
508 3120 702 3202 conjugium
723 3119 803 3184 boni
827 3131 863 3184 et
882 3121 963 3184 veri.
1008 3118 1156 3183 Dicebat
1172 3119 1264 3202 quod
1283 3121 1404 3184 obstu-

281 3226 402 3298 pescat
413 3234 516 3299 quum
529 3217 663 3298 cogitat
676 3216 778 3298 quod,
792 3217 883 3280 intra
895 3214 1077 3279 ecclesiam
1094 3214 1171 3297 plus
1187 3235 1289 3298 quam
1302 3226 1405 3280 extra

280 3309 386 3385 illam,
405 3319 582 3392 patrentur
598 3321 633 3374 et
650 3331 784 3393 quoque
801 3310 1047 3374 confirmentur
1062 3310 1243 3386 adulteria,
1260 3329 1403 3393 quorum

281 3416 399 3470 tamen
412 3403 598 3486 jucundum
617 3407 651 3468 in
671 3426 708 3469 se
725 3425 794 3469 non
809 3405 901 3468 aliud
921 3406 955 3468 in
974 3404 1140 3486 spirituali
1153 3425 1255 3468 sensu
1271 3415 1307 3468 et
1323 3407 1404 3472 inde

281 3501 500 3584 inspirituali
520 3501 650 3564 mundo
672 3511 727 3564 est
751 3519 853 3584 quam
869 3499 1054 3581 jucundum
1074 3501 1199 3563 amoris
1221 3500 1297 3563 falsi
1319 3520 1403 3564 con·

277 3593 385 3678 juncti
403 3596 506 3672 malo,
525 3597 618 3678 quod
639 3595 826 3677 jucundum
849 3604 903 3658 est
922 3594 1109 3676 jucundum
1128 3593 1305 3671 infernale,
1325 3597 1404 3677 quia

281 3709 420 3772 prorsus
436 3691 632 3773 oppositum
646 3689 797 3772 jucundo
812 3689 910 3765 caeli,
924 3689 1017 3772 quod
1033 3697 1087 3754 est
1102 3688 1292 3772 jucundum
1306 3709 1402 3754 arno·

280 3785 327 3850 ris
344 3786 416 3850 veri
433 3783 606 3867 conjuncti
625 3786 728 3852 bono.

343 3893 440 3964 375·
471 3880 714 3964 Unusquisque
746 3879 824 3956 scit,
852 3880 945 3962 quod
978 3879 1049 3943 bini
1078 3878 1243 3962 conjuges
1276 3881 1332 3964 qui
1365 3901 1403 3945 se

280 3985 411 4052 amant,
430 3975 573 4040 interius
596 3977 681 4040 uniti
704 3977 785 4051 sint,
805 3983 841 4040 et
864 3975 956 4060 quod
979 3975 1164 4042 essentiale
1184 3974 1334 4058 conjugii
1357 3977 1402 4040 sit

280 4071 390 4136 unitio
407 4072 600 4136 animorum
619 4091 680 4136 seu
699 4072 874 4136 mentium.
920 4071 1006 4136 Inde
1021 4091 1155 4154 quoque
1174 4073 1252 4134 sciri
1271 4081 1402 4154 potest,

279 4165 371 4249 quod
391 4165 511 4249 quales
530 4167 633 4230 animi
652 4187 712 4230 seu
733 4177 868 4230 mentes
887 4167 921 4229 in
944 4187 982 4230 se
1005 4176 1096 4240 sunt,
1117 4164 1197 4230 talis
1216 4167 1327 4230 unitio
1345 4167 1401 4242 sit,

279 4271 315 4326 et
334 4281 468 4344 quoque
488 4261 568 4326 talis
587 4263 677 4326 inter
696 4261 775 4326 illos
794 4282 912 4326 amor:
938 4281 1035 4328 mens
1054 4261 1220 4326 formatur
1239 4263 1337 4326 unice
1356 4283 1402 4328 ex

279 4357 369 4419 veris
391 4365 427 4420 et
451 4356 574 4436 bonis;
599 4377 679 4420 narn
703 4359 819 4421 omnia
837 4379 924 4440 quae
943 4359 976 4421 in
1000 4359 1160 4422 universo
1178 4368 1270 4433 sunt,
1290 4379 1328 4422 se
1346 4378 1401 4422 re·

278 4449 391 4514 ierunt
414 4451 457 4514 ad
481 4452 608 4515 bonum
632 4461 669 4516 et
691 4473 821 4530 verum,
842 4463 877 4517 et
899 4473 1033 4538 quoque
1056 4454 1101 4518 ad
1124 4451 1401 4536 conjunctionem

278 4563 422 4624 eorum;
453 4567 556 4630 quare
580 4548 748 4612 mentium
778 4549 888 4612 unitio
918 4569 1055 4630 prorsus
1084 4547 1165 4614 talis
1194 4558 1259 4624 est,
1288 4547 1402 4632 qualia

279 4649 359 4706 sunt
375 4661 456 4706 vera
471 4650 507 4707 et
524 4642 615 4707 bona
631 4663 676 4707 ex
692 4643 813 4727 quibus
825 4643 994 4708 formatae
1010 4656 1111 4708 sunt:
1136 4654 1398 4728 consequenter,
