3382 5358
311 627 368 690 142
635 625 684 674 DE
708 623 834 675 CAELO
858 625 906 674 ET
925 624 1107 676 INFERNO.

305 815 407 879 quam
435 795 468 859 in
492 815 560 879 quo
583 794 643 868 illi,
668 795 717 858 ita
745 815 879 878 quoque
903 796 995 878 quod
1019 793 1117 859 ¹¹¹non
1145 795 1226 859 alibi
1250 795 1428 876 homines;

303 901 512 974 quapropter
530 909 597 953 non
617 889 699 952 licet
719 890 848 953 homini
872 909 949 954 cum
969 890 1037 954 illis
1055 891 1205 954 vicissim
1222 891 1326 975 loqui,
1347 911 1426 956 nam

302 987 330 1049 si
349 985 556 1070 loqueretur,
575 987 712 1050 scirent.
758 984 825 1068 Qui
844 985 990 1049 multum
1010 986 1054 1050 de
1069 987 1239 1067 religiosis
1256 989 1426 1069 cogitant,

302 1092 339 1146 et
362 1082 543 1146 inhaerent
566 1081 644 1155 illis,
665 1103 771 1165 usque
795 1091 832 1145 ut
854 1083 950 1164 quasi
969 1081 1110 1145 videant
1134 1081 1194 1144 illa
1216 1083 1309 1146 intus
1325 1083 1358 1145 in
1378 1103 1426 1159 se,

302 1178 409 1240 etiam
441 1177 580 1258 spiritus
610 1196 727 1240 secum
762 1177 945 1259 loquentes
974 1178 1091 1240 audire
1123 1177 1312 1259 incipiunt;
1347 1197 1427 1240 nam

301 1272 471 1353 religiosa,
485 1289 708 1354 quaecunque
727 1281 818 1347 sunt,
832 1271 970 1354 quando
986 1271 1090 1334 homo
1106 1271 1172 1334 illis
1192 1291 1236 1334 ex
1254 1291 1291 1334 se
1309 1271 1427 1335 inhae-

301 1376 362 1442 ret,
380 1387 443 1430 nec
460 1367 647 1448 interpolat
660 1369 761 1430 variis
778 1387 864 1449 quae
881 1387 960 1430 usus
977 1376 1058 1430 sunt
1078 1367 1111 1429 in
1131 1367 1269 1440 mund0,
1284 1367 1427 1430 interius

301 1461 444 1536 vadunt,
464 1481 503 1524 ac
522 1461 567 1524 ibi
584 1463 786 1536 subsistunt,
801 1470 837 1525 et
853 1471 967 1525 totum
984 1462 1131 1525 hominis
1148 1461 1303 1542 spiritum
1324 1479 1426 1524 occu·

302 1565 399 1638 pant,
419 1576 459 1619 ac
483 1557 615 1620 intrant
639 1557 853 1638 spiritualem
877 1558 1052 1630 mundum,
1071 1566 1107 1620 et
1127 1566 1268 1619 movent
1288 1557 1426 1638 spiritus

301 1651 357 1735 qui
373 1651 418 1714 ibi
431 1672 439 1729 ;
463 1652 524 1714 sed
538 1651 627 1715 tales
641 1661 721 1715 sunt
734 1653 907 1715 visionarii
924 1662 961 1716 et
973 1651 1231 1728 enthusiastae;
1256 1660 1291 1715 et
1306 1670 1425 1733 quem-

302 1767 435 1828 cunque
454 1747 609 1828 spiritum
629 1747 780 1822 audiunt,
801 1748 946 1811 credunt
970 1767 1046 1810 esse
1066 1745 1230 1830 Spiritum
1250 1744 1425 1820 sanetum,

301 1861 378 1906 cum
406 1851 523 1905 tamen
547 1851 627 1906 sunt
658 1844 796 1924 spiritus
819 1843 1070 1906 enthusiastici.
1117 1841 1184 1923 Qui
1218 1841 1307 1905 tales
1332 1852 1424 1918 sunt,

300 1938 420 2000 vident
440 1937 524 2000 falsa
542 1939 630 2001 sicut
649 1959 741 2013 vera,
760 1949 795 2002 et
815 1941 893 2021 quia
912 1940 1031 2002 vident
1047 1939 1106 2001 illa
1122 1939 1330 2020 persuadent
1350 1939 1424 2013 sibi,

301 2043 336 2097 et
356 2053 490 2115 quoque
509 2034 720 2114 persuadent
740 2033 806 2096 illis
825 2035 915 2116 apud
935 2049 1023 2116 quos
1038 2033 1204 2110 influunt;
1229 2041 1264 2095 et
1282 2033 1360 2114 quia
1376 2032 1424 2094 illi

300 2129 437 2212 spiritus
467 2129 572 2191 etiam
596 2139 785 2211 coeperunt
812 2131 1018 2211 persuadere
1042 2128 1143 2201 mala,
1168 2129 1289 2211 quibus
1319 2129 1423 2190 etiam

301 2223 479 2286 obeditum
498 2231 564 2296 est,
585 2223 664 2287 ideo
682 2244 744 2306 per
762 2225 889 2305 gradus
912 2224 1036 2287 remoti
1062 2233 1153 2286 sunt.
1198 2221 1344 2304 Spiritus
1363 2243 1425 2285 en·

301 2317 494 2381 thusiastici
518 2317 561 2381 ab
584 2319 659 2381 aliis
683 2319 857 2401 spiritibus
884 2319 1144 2400 distinguuntur
1174 2337 1236 2400 per
1262 2317 1307 2391 id,
1332 2317 1423 2400 quod

301 2414 444 2476 credant
467 2433 504 2476 se
535 2433 612 2476 esse
639 2412 804 2496 Spiritum
831 2412 1007 2488 Sandtum,
1031 2424 1067 2476 et
1094 2433 1181 2495 quae
1205 2411 1324 2475 dicunt
1349 2431 1424 2475 esse

301 2505 446 2571 Divina:
480 2505 528 2568 illi
552 2508 692 2588 spiritus
715 2527 784 2570 non
808 2517 936 2571 nocent
960 2507 1102 2582 homini,
1122 2508 1201 2588 quia
1224 2505 1330 2568 homo
1346 2505 1424 2568 illos

302 2600 427 2664 Divino
444 2602 539 2665 cultu
558 2601 717 2666 honorat.
764 2601 850 2666 Cum
869 2603 936 2665 illis
959 2603 1064 2666 etiam
1087 2601 1268 2684 aliquoties
1288 2601 1423 2663 locutus

301 2715 386 2770 sum,
406 2707 443 2760 et
463 2705 545 2760 tunc
565 2717 700 2780 quoque
719 2695 856 2761 detecta
873 2707 953 2762 sunt
972 2697 1111 2773 nefaria,
1132 2717 1218 2779 quae
1235 2695 1423 2759 cultoribus

301 2793 369 2855 suis
387 2791 600 2856 infuderunt:
634 2793 794 2856 habitant
818 2793 918 2856 simul
941 2793 985 2856 ad
1009 2795 1184 2856 sinistrum
1208 2793 1241 2854 in
1262 2791 1339 2855 loco
1362 2791 1424 2853 de·

301 2897 404 2951 serto.
514 2923 517 2934 ·

364 2997 464 3066 25⁰.
498 2981 549 3046 At
569 2982 661 3065 loqui
680 3003 758 3047 cum
781 2984 913 3066 angelis
932 2983 1018 3048 caeli
1040 3003 1110 3046 non
1130 2983 1331 3046 conceditur
1349 2981 1424 3044 aliis

302 3097 403 3160 quam
423 3078 480 3158 qui
498 3078 531 3140 in
550 3079 638 3140 veris
657 3101 702 3142 ex
719 3079 812 3142 bono
828 3089 918 3154 sunt,
939 3079 1098 3162 primario
1117 3079 1173 3160 qui
1193 3079 1226 3140 in
1246 3077 1422 3158 agnitione

302 3172 440 3236 Domini
460 3191 499 3236 ac
520 3172 635 3237 Divini
654 3175 687 3236 in
709 3173 871 3238 Humano
890 3175 1023 3256 Ipsius,
1051 3175 1213 3256 quiahoc
1233 3191 1349 3234 verum
1369 3181 1424 3234 est

300 3269 334 3330 in
353 3287 422 3350 quo
440 3266 526 3330 caeli
545 3278 644 3346 sunt;
676 3289 766 3344 nam,
788 3279 825 3332 ut
850 3290 951 3352 supra
969 3280 1147 3332 ostensum
1170 3277 1235 3340 est,
1256 3265 1424 3329 Dominus

301 3371 356 3426 est
375 3362 469 3426 Deus
485 3364 571 3426 caeli
590 3361 637 3445 (n.
655 3363 753 3446 2-6):
779 3364 940 3427 Divinum
958 3364 1095 3427 Domini
1115 3364 1195 3426 facit
1215 3361 1356 3426 Caelum
1375 3359 1422 3442 (n.

299 3457 420 3540 7-12):
456 3457 617 3521 Divinum
641 3459 780 3522 Domini
802 3461 836 3522 in
857 3459 963 3523 Caelo
986 3469 1040 3522 est
1063 3477 1159 3522 amor
1181 3459 1215 3521 in
1239 3457 1365 3538 Ipsum,
1387 3467 1422 3518 et

300 3553 448 3616 charitas
471 3573 554 3635 erga
577 3555 771 3634 proximum
795 3555 839 3616 ab
863 3555 944 3635 Ipso
969 3552 1017 3636 (n.
1042 3552 1180 3634 13-19):
1214 3551 1421 3615 Universum

300 3647 442 3712 Caelum
458 3649 492 3711 in
509 3669 578 3711 uno
597 3648 782 3731 complexu
801 3649 903 3713 refert
923 3669 1026 3712 unum
1047 3648 1246 3722 Hominem,
1267 3646 1422 3709 similiter

300 3745 508 3825 unaquaevis
527 3742 681 3807 Societas
697 3743 812 3823 Caeli3
833 3765 873 3808 ac
891 3746 1120 3826 unusquisque
1139 3741 1298 3823 Angelus
1316 3749 1371 3804 est
1387 3741 1421 3802 in

299 3835 451 3920 perlecta
466 3839 574 3902 forma
589 3839 748 3916 humana,
763 3849 799 3904 et
815 3841 881 3904 hoc
897 3859 943 3904 ex
960 3839 1086 3903 Divino
1103 3838 1265 3901 Humano
1282 3835 1421 3899 Domini

302 3931 350 4014 (n.
367 3929 497 4014 59-86).
544 3932 600 3996 Ex
618 3935 737 4016 quibus
753 3944 863 4016 patet,
877 3935 968 4017 quod
986 3934 1077 4016 loqui
1093 3953 1171 3996 cum
1187 3933 1320 4014 angelis
1336 3931 1421 3994 caeli

299 4047 368 4090 non
388 4028 489 4090 detur
508 4027 582 4090 aliis
601 4048 703 4110 quam
726 4029 816 4110 apud
840 4050 925 4112 quos
944 4031 1106 4092 interiora
1125 4037 1246 4110 aperta
1265 4037 1344 4090 sunt
1364 4045 1424 4108 per

299 4121 425 4186 Divina
442 4144 523 4186 vera
539 4144 644 4206 usque
660 4123 704 4187 ad
723 4123 928 4204 Dominum;
953 4125 1083 4188 namin
1101 4123 1160 4188 illa
1176 4123 1284 4187 influit
1302 4121 1421 4184 Domi·

300 4239 363 4281 nus
382 4219 472 4300 apud
492 4218 678 4295 hominem,
695 4231 731 4284 et
751 4239 828 4284 cum
849 4220 1016 4283 Dominus
1032 4221 1137 4282 etiam
1154 4219 1287 4282 caelum
1304 4215 1422 4280 influit.

300 4311 402 4395 Quod
433 4313 557 4377 Divina
584 4335 665 4378 vera
695 4317 852 4398 aperiant
881 4316 1046 4378 interiora
1075 4315 1233 4388 hominis,
1259 4322 1312 4375 est
1345 4311 1423 4392 quia

298 4408 405 4474 homo
433 4409 484 4473 ita
513 4419 649 4477 creatus
678 4421 743 4486 est,
763 4421 801 4475 ut
830 4410 946 4493 quoad
975 4411 1148 4474 internum
1172 4407 1347 4472 hominem
1377 4405 1422 4468 sit

299 4503 416 4586 imago
432 4504 529 4580 caeli,
547 4515 583 4569 et
601 4506 714 4588 quoad
737 4515 920 4569 externum
943 4505 989 4569 sit
1012 4505 1129 4586 imago
1148 4503 1264 4567 mundi
1286 4499 1332 4584 (n.
1355 4497 1421 4582 57),

300 4609 335 4664 et
358 4601 512 4664 internus
535 4601 640 4665 homo
659 4621 728 4665 non
751 4603 904 4684 aperitur
926 4621 1028 4684 quam
1048 4619 1108 4682 per
1124 4599 1285 4664 Divinum
1304 4613 1421 4662 verum
