3368 5356
577 669 752 726 nourrius
775 673 843 725 asr
866 673 965 726 nnus
986 673 1111 726 cnam.
1366 673 1403 742 93

278 856 370 920 orbe.
416 851 484 936 Qui
502 863 620 918 autem
636 851 811 916 dieunt'se
829 849 968 916 credere
987 851 1022 914 in
1041 849 1203 916 Divinum
1220 849 1403 926 invisibile,

279 951 373 1034 quod
390 950 572 1017 nominant
595 948 669 1016 Em
687 949 835 1012 universi
857 969 879 1012 a
900 968 968 1032 quo
986 948 1103 1016 omnia
1120 949 1344 1028 exstiterant,
1361 967 1401 1012 ac

278 1045 438 1126 rejiciunt
454 1044 557 1112 iidem
580 1043 624 1110 de
647 1043 813 1120 Domino,
829 1042 879 1106 illi
898 1044 1033 1126 experti
1055 1053 1135 1110 sunt
1153 1045 1245 1128 quod
1267 1045 1302 1112 in
1325 1043 1402 1112 nul·
1440 1081 1445 1090 ·

279 1139 482 1208 lvaeum
501 1139 658 1214 credant,
678 1140 757 1222 quia
776 1137 939 1205 Divinum
957 1137 1126 1204 invisibile
1144 1149 1199 1204 est
1218 1137 1285 1204 illis
1302 1134 1403 1222 quale

278 1247 333 1302 est
349 1246 493 1302 naturae
509 1236 543 1301 in
560 1235 630 1298 suis
645 1233 774 1318 primis,
785 1233 819 1300 in
835 1233 928 1320 quod
945 1253 1014 1298 non
1031 1233 1124 1298 cadit
1140 1229 1225 1300 fides
1241 1243 1277 1298 et
1294 1253 1401 1310 amor,

279 1331 360 1414 quia
373 1350 443 1396 noo
459 1330 630 1412 cogitatio
640 1325 690 1420 ;(·)Ι
709 1327 760 1392 illi
775 1327 975 1410 relegantur
990 1329 1081 1394 inter
1096 1327 1186 1403 illos,
1200 1329 1257 1411 qui
1273 1347 1402 1392 vocan-

278 1425 593 1494 turnaturalistae.
637 1423 755 1490 Aliter
777 1422 816 1488 fit
838 1421 1002 1488 cumillis
1023 1421 1080 1505 qui
1099 1432 1201 1488 extra
1219 1422 1403 1487 ecclesiam

279 1523 353 1588 nati
371 1531 463 1596 suot,
479 1521 536 1603 qui
556 1519 689 1586 Gentes
704 1527 893 1596 vocantur;
917 1517 1097 1602 dequibus
1115 1517 1149 1582 in
1168 1517 1402 1602 sequentibus.

341 1629 386 1698 4.
415 1613 546 1682 Omnes
568 1614 728 1690 infantes,
748 1633 794 1676 ex
818 1613 939 1696 quibus
962 1613 1068 1676 tertia
1090 1632 1168 1696 pars
1191 1612 1290 1688 caeli,
1309 1609 1401 1676 initi·

278 1723 381 1781 autur
409 1713 443 1776 in
466 1712 681 1796 agnitionem
704 1717 741 1774 et
768 1707 882 1784 fidem,
906 1707 998 1792 quod
1022 1707 1190 1772 Dominus
1214 1709 1259 1772 sit
1283 1725 1402 1774 eorum

280 1808 392 1882 Pater,
409 1817 446 1872 et
465 1815 590 1888 postea
605 1803 697 1888 quod
713 1803 759 1868 sit
774 1804 927 1868 omnium
944 1801 1123 1880 Dominus,
1137 1801 1187 1866 ita
1204 1799 1298 1866 Deus
1315 1801 1403 1868 caeli

278 1913 316 1970 et
330 1913 454 1968 terrae.
499 1898 603 1982 Quod
613 1897 761 1965 infantes
773 1898 977 1964 adolescant
992 1899 1028 1964 in
1041 1895 1155 1972 caelis,
1170 1905 1206 1962 et
1222 1895 1401 1980 perfician-

278 2008 334 2062 tur
352 2017 412 2078 per
430 1996 659 2078 cognitiones,
680 2014 785 2078 usque
808 1995 843 2058 in
861 1992 1057 2076 angelicam
1075 1991 1345 2076 intelligentiam
1364 2002 1401 2058 et

279 2092 496 2174 sapientiam,
516 2091 689 2154 videbitur
707 2091 741 2153 in
760 2089 993 2182 sequentibus.

340 2203 384 2271 5.
414 2183 517 2267 Quod
540 2185 708 2248 Dominus
731 2185 777 2247 sit
801 2183 895 2246 Deus
914 2182 1011 2258 caeli,
1032 2202 1102 2245 non
1125 2183 1300 2264 ambigere
1319 2203 1400 2265 pos·

278 2291 358 2344 sunt
377 2280 426 2344 illi
443 2281 500 2363 qui
519 2280 563 2343 ab
582 2279 730 2344 ecclesia
749 2288 849 2356 sunt;
874 2279 991 2342 docuit
1011 2279 1103 2344 enim
1121 2278 1211 2360 Ipse,

328 2415 408 2480 Quod
420 2416 513 2464 omnia
522 2414 617 2475 Patris,
625 2414 715 2477 lpsius
723 2414 778 2464 sint
792 2414 901 2474 (Mutila.
909 2414 944 2463 xi.
951 2425 998 2474 ηε
1014 2414 1076 2479 Joh.
1085 2415 1138 2464 xvi.
1153 2426 1199 2474 15:
1218 2429 1275 2477 cap.
1287 2415 1351 2464 xvii.
1359 2414 1400 2476 a);

330 2481 363 2532 Et
374 2481 447 2546 quod
460 2481 517 2544 lpsi
529 2482 619 2531 omnis
631 2489 752 2544 potestas
765 2481 800 2530 sit
811 2481 839 2529 in
852 2481 928 2530 caelo
937 2489 965 2529 et
976 2480 1005 2529 ln
1016 2489 1087 2531 terra
1095 2479 1204 2543 (Martis.
1214 2481 1304 2530 xxviii.
1315 2477 1400 2544 l¹118):

178 2681 183 2689 ,
281 2618 345 2681 “in
374 2617 472 2680 caelo
502 2626 538 2681 et
568 2617 601 2680 in
632 2615 749 2680 terra¹'
767 2616 862 2692 dicit,
887 2617 1048 2699 quoniam
1073 2617 1131 2700 qui
1154 2617 1287 2680 caelum
1310 2619 1401 2701 regit

279 2713 384 2776 etiam
397 2723 524 2776 terram
537 2713 637 2796 regit,
648 2731 752 2775 unum
765 2714 856 2775 enim
869 2713 998 2795 pendet
1010 2713 1054 2776 ab
1065 2710 1226 2776 alteror»)
1264 2713 1401 2796 Regere

278 2806 414 2871 caelum
431 2816 468 2871 et
487 2817 625 2882 terram,
646 2817 701 2870 est
718 2807 869 2890 recipere
888 2808 932 2870 ab
950 2809 1031 2890 lpso
1046 2809 1291 2872 omnebonum
1308 2809 1400 2891 quod

278 2903 416 2977 amoris,
436 2911 473 2966 et
496 2923 598 2966 omne
617 2923 735 2966 verum
751 2903 842 2985 quod
862 2901 951 2978 fidei,
971 2905 1022 2967 ita
1044 2923 1182 2967 omnem
1202 2903 1400 2985 intelligen-

278 2995 364 3060 tiam
381 3005 418 3062 et
436 2997 653 3080 sapientiam,
672 3005 709 3060 et
728 2999 776 3060 sic
796 3014 935 3062 omnem
953 2997 1156 3064 felicitatem
1172 3020 1179 3076 ;
1202 2999 1236 3060 in
1255 3017 1399 3074 summa,

278 3090 386 3156 vitam
403 3100 592 3156 aeternam.
637 3090 717 3158 Hoc
736 3093 842 3158 etiam
861 3091 1031 3158 Dominus
1048 3093 1178 3168 docuit,
1198 3092 1359 3169 dicendo,

329 3223 404 3290 “Qtrl
413 3225 497 3275 credit
509 3225 537 3274 in
549 3223 743 3285 liliambobet
754 3225 838 3276 vitam
850 3237 1007 3288 aeternam
1024 3228 1070 3292 qui
1082 3239 1149 3280 vero
1159 3241 1216 3276 oon
1224 3227 1310 3277 credit
1323 3225 1400 3288 rrae,

410 3305 468 3342 noo
479 3291 580 3344 videbit
592 3290 697 3344 vitam''
709 3291 785 3356 (Jea
796 3292 832 3344 iii.
845 3291 895 3356 36)

280 3403 387 3482 Alibi,

327 3507 412 3575 “Ego
427 3523 488 3560 sum
505 3507 668 3561 resurreetio
684 3519 712 3560 et
728 3511 802 3571 rita:
827 3513 874 3576 qui
887 3513 973 3562 credit
990 3512 1019 3564 ln
1038 3511 1092 3570 lle,
1105 3513 1157 3563 etsi
1174 3514 1295 3574 moritur,
1308 3514 1399 3575 niven

410 3577 571 3704 2199ῧίἔὲιὲ
569 3577 639 3706 'sivit
650 3587 678 3628 et
691 3578 775 3628 credit
789 3578 817 3628 in
831 3577 886 3638 Me,
898 3591 953 3628 non
965 3579 1095 3632 morletur
1107 3579 1136 3628 in
1150 3579 1313 3630 aermnuffl
1323 3579 1399 3646 (Μ.

280 3755 328 3822 Et
346 3755 438 3832 alibi,

683 3965 1008 4018 lammam)

333 4057 373 4126 (ο)
393 4054 483 4130 Quod
498 4055 642 4114 Divinum
661 4073 721 4114 non
738 4057 931 4126 perceptibile
943 4057 1044 4126 aliqua
1059 4055 1134 4118 idea,
1147 4072 1209 4112 oon
1225 4057 1400 4128 receptibile

281 4131 628 4202 structurarum,
643 4127 1198 4202 96999966996989699699999991.
1211 4129 1401 4204 96799956.

284 4201 484 4272 1996999959
497 4216 576 4272 9972·
592 4203 697 4270 roem).

232 4319 235 4324 ·
338 4306 387 4378 (p)
407 4299 497 4378 Quod
516 4301 687 4357 universum
702 4299 817 4354 osclum
834 4295 958 4352 Domini
974 4293 1013 4350 sit
1028 4295 1070 4364 (n.
1089 4304 1167 4364 2751,
1183 4291 1275 4360 7086).
1361 4291 1402 4346 od

285 4370 347 4448 ipsi
421 4385 502 4430 estas
522 4373 552 4428 in
573 4369 663 4427 oaelis
681 4379 713 4425 et
735 4369 764 4423 io
786 4367 874 4424 terris
897 4369 938 4436 (n.
960 4365 1036 4433 1607,
1054 4363 1148 4433 rooba
1167 4363 1274 4448 19827).
1361 4363 1402 4416 od

282 4447 355 4518 eolo
417 4447 517 4502 minus
531 4443 609 4515 regit
622 4443 738 4498 mlum
754 4440 846 4496 etiam
864 4447 950 4508 regat
967 4437 1071 4492 omia
1105 4449 1160 4492 uae
1176 4435 1245 4490 rnde
1260 4433 1403 4518 pendent,

283 4516 443 4574 &comma
457 4516 488 4572 in
504 4515 619 4570 muodo
632 4515 673 4583 (n.
689 4511 766 4576 2026,
781 4523 858 4578 2027,
871 4522 951 4578 45²3·
963 4507 1058 4576 4524).
1144 4505 1184 4562 od
1198 4505 1331 4560 Domrno
1346 4505 1402 4562 soh

284 4592 324 4648 ait
343 4598 479 4660 potestas
498 4584 671 4642 removendi
694 4581 816 4645 interna,
832 4579 988 4635 detinendi
1010 4589 1030 4634 a
1053 4589 1102 4636 ma
1124 4591 1146 4640 a.
1166 4591 1202 4632 ac
1223 4573 1346 4631 tenendi
1372 4573 1401 4627 ln

282 4661 375 4724 bono,
388 4659 431 4716 ira
442 4655 577 4715 salvandi
592 4659 632 4715 ln.
648 4657 754 4722 10019).
