3408 5358
275 623 339 688 206
596 635 647 686 nu
669 632 797 684 cnuto
820 633 869 684 cn
892 633 1073 686 inssnuo.

272 811 317 876 sit
330 831 338 890 ;
358 809 419 872 sed
429 818 571 892 propter
582 805 709 870 malum
719 803 853 870 actuale
865 806 956 890 quod
969 807 1074 890 ipsius
1085 817 1152 886 est,
1164 812 1212 874 ita
1224 819 1392 893 quantum

271 925 317 968 ex
337 903 429 967 malo
447 903 655 966 hereditario
674 921 734 983 per
752 898 923 964 actualem
938 903 1045 966 vitam
1064 903 1130 966 sibi
1148 906 1392 987 appropriavit.

273 996 375 1080 Quod
394 997 543 1060 infantes
561 995 670 1058 adulti
688 991 768 1058 sacti
791 997 1014 1060 remittantur
1037 997 1070 1060 in
1094 1007 1222 1062 statum
1243 999 1324 1062 mali
1343 1000 1393 1064 sui

271 1093 480 1166 hereditarii,
501 1111 570 1154 non
594 1101 646 1154 est
670 1091 749 1154 ideo
772 1101 809 1154 ut
833 1111 982 1173 poenam
1006 1091 1113 1168 luant,
1134 1094 1195 1156 sed
1220 1103 1257 1157 ut
1281 1095 1393 1160 sciant

272 1189 363 1270 quod
383 1209 429 1250 ex
448 1209 484 1250 se
504 1207 571 1250 non
592 1187 654 1249 nisi
673 1204 773 1268 quarn
791 1187 916 1250 malum
934 1188 1013 1262 sint,
1031 1197 1067 1250 et
1085 1189 1178 1270 quod
1197 1190 1241 1252 ab
1260 1189 1392 1254 inferno

166 1351 169 1360 ,
272 1283 363 1364 quod
379 1283 470 1364 apud
486 1303 556 1358 eos,
574 1303 620 1344 ex
636 1281 869 1344 misericordia
881 1280 1030 1357 Domini,
1042 1283 1075 1344 in
1093 1283 1224 1348 caelum
1238 1285 1393 1348 auferan-

272 1387 347 1455 tur;
381 1387 417 1440 et
447 1375 537 1460 quod
567 1377 601 1438 in
631 1374 728 1438 caelo
754 1395 823 1438 non
849 1376 917 1438 sint
948 1395 994 1438 ex
1025 1379 1149 1440 merito
1173 1379 1234 1452 sui,
1260 1377 1321 1441 sed
1346 1400 1392 1442 ex

272 1469 444 1550 Domino;
469 1481 504 1534 et
521 1472 568 1534 sic
586 1491 628 1532 ne
645 1491 689 1532 ex
706 1469 808 1544 bono,
823 1469 913 1552 quod
931 1471 1021 1552 apud
1041 1492 1112 1546 eos,
1130 1493 1168 1534 se
1184 1493 1300 1536 coram
1317 1474 1393 1537 aliis

268 1563 410 1646 jactent,
429 1585 507 1628 nam
524 1565 589 1628 hoc
607 1574 661 1628 est
678 1574 799 1628 contra
815 1565 942 1628 bonum
958 1567 1083 1628 amoris
1099 1568 1217 1642 mutui,
1234 1569 1322 1630 sicut
1339 1579 1393 1634 est

273 1672 394 1724 contra
412 1681 529 1724 verum
549 1659 637 1722 fidei.

334 1770 434 1838 343·
465 1755 593 1818 Pluries
609 1773 686 1818 cum
706 1753 837 1836 aliquot
857 1754 1007 1818 infantes
1023 1755 1123 1818 simul
1140 1756 1229 1838 apud
1247 1777 1301 1820 me
1316 1756 1391 1820 ¹sue·

272 1861 350 1914 runt
366 1851 400 1912 in
416 1849 541 1924 choris,
553 1868 655 1932 quum
671 1848 783 1912 adhuc
797 1869 934 1932 prorsus
950 1849 1125 1912 infantiles
1141 1862 1269 1928 essent,
1284 1852 1392 1914 auditi

271 1954 350 2008 sunt
366 1947 454 2008 sicut
471 1955 625 2008 tenerum
642 1943 884 2018 inordinatum,
897 1944 943 2007 sic
961 1953 998 2008 ut
1016 1945 1167 2008 nondum
1181 1947 1268 2010 sicut
1286 1965 1390 2010 unum

271 2049 425 2121 agerent,
446 2039 733 2120 quemadmodum
753 2037 831 2100 dein
850 2057 927 2100 curn
946 2039 1172 2102 adulteriores
1190 2038 1268 2104 sacti
1288 2051 1391 2119 sunt;

271 2147 318 2212 et,
338 2134 429 2220 quod
449 2136 601 2210 miratus,
619 2135 757 2216 spiritus
774 2133 864 2216 apud
885 2153 938 2196 me
958 2154 1026 2198 non
1044 2145 1231 2216 potuerunt
1250 2157 1286 2200 se
1305 2137 1390 2200 reti-

272 2251 364 2304 nere,
385 2231 465 2312 quin
489 2249 548 2292 eos
568 2229 734 2291 ducerent
756 2227 800 2290 ad
829 2227 1057 2310 loquendum:
1081 2230 1201 2292 innata
1219 2241 1274 2294 est
1293 2231 1392 2312 spiri·

273 2325 363 2388 tibus
387 2324 467 2387 talis
490 2323 633 2404 cupido;
660 2321 727 2385 sed
751 2322 970 2384 observatum
993 2324 1109 2398 toties,
1130 2325 1220 2406 quod
1243 2325 1392 2388 infantes

273 2427 516 2501 repugnarent,
531 2437 599 2479 non
612 2415 772 2479 volentes
785 2417 834 2478 ita
847 2415 938 2498 loqui
953 2436 960 2478 :
985 2419 1197 2481 renuentiam
1215 2429 1251 2482 et
1267 2439 1391 2502 repug-

273 2515 438 2587 nantiam,
452 2533 538 2596 quae
558 2522 632 2575 erat
652 2529 729 2574 cum
745 2510 895 2592 quadam
911 2512 1024 2592 specie
1040 2511 1296 2594 indignationis,
1315 2535 1392 2578 sae·

273 2607 346 2688 pius
376 2607 577 2688 appercepi;
612 2625 755 2686 cumque
786 2603 852 2666 illis
883 2604 1001 2667 datum
1032 2615 1086 2668 est
1116 2606 1242 2688 aliquid
1272 2610 1391 2692 copiae

273 2701 444 2784 loquendi,
459 2700 620 2764 dicebant
636 2701 740 2762 modo
756 2698 846 2780 quod
858 2719 920 2760 non
936 2698 985 2762 ita
1000 2700 1055 2762 sit.
1101 2699 1292 2764 Instruetus
1303 2723 1390 2778 sum,

273 2796 363 2878 quod
383 2795 462 2858 talis
482 2795 527 2857 sit
546 2794 714 2856 infantum
730 2794 893 2868 tentatio,
912 2802 949 2855 ut
965 2794 1173 2860 adsuescant
1189 2805 1225 2858 et
1248 2797 1391 2878 inaugu-

273 2899 390 2953 rentur
407 2909 475 2952 non
492 2888 596 2952 modo
615 2885 659 2949 ad
674 2885 905 2950 resistendum
921 2885 1007 2950 falso
1028 2897 1064 2950 et
1087 2888 1189 2964 malo,
1203 2891 1263 2954 sed
1287 2892 1392 2954 etiam

274 2993 310 3047 ut
335 3004 404 3047 non
428 2983 472 3046 ab
494 2980 562 3045 alio
586 2982 755 3064 cogitent,
773 2980 967 3062 loquantur,
993 2991 1029 3044 et
1052 2993 1170 3063 agant,
1187 2986 1330 3066 proinde
1353 2993 1392 3048 ut

274 3097 342 3142 non
362 3079 407 3142 ab
432 3075 499 3140 alio
520 3077 698 3159 patiantur
716 3095 753 3138 se
775 3075 864 3150 duci,
882 3095 982 3157 quam
1007 3097 1028 3139 a
1049 3076 1124 3140 solo
1146 3077 1307 3144 Domino.

336 3187 437 3256 344·
471 3171 527 3234 Ex
551 3171 603 3234 his
627 3191 713 3253 quae
732 3168 837 3232 allata
856 3179 935 3232 sunt
955 3180 1115 3235 constare
1134 3183 1262 3254 potest,
1283 3173 1392 3258 qualis

273 3277 328 3332 est
350 3267 510 3329 educatio
529 3265 694 3329 infantum
718 3265 751 3327 in
775 3263 896 3342 caelo;
919 3285 1042 3346 nempe
1066 3267 1157 3348 quod
1182 3287 1241 3349 per
1264 3268 1392 3331 intelli·

274 3364 427 3446 gentiam
450 3362 579 3424 veriet
603 3361 806 3440 sapientiam
830 3359 912 3422 boni
933 3361 1195 3424 introducantur
1224 3363 1256 3424 in
1284 3365 1391 3426 vitam

273 3457 477 3540 angelicam,
495 3477 580 3538 quae
597 3465 650 3518 est
667 3473 762 3516 amor
778 3455 811 3516 in
829 3453 1014 3516 Dominum
1031 3465 1067 3518 et
1083 3475 1179 3520 amor
1194 3468 1341 3534 mutuus,
1359 3459 1392 3521 in

274 3553 394 3636 quibus
417 3561 471 3615 est
495 3549 704 3613 innocentia.
749 3545 817 3611 Sed
840 3567 943 3630 quam
962 3550 1135 3613 contraria
1157 3561 1210 3614 est
1234 3552 1394 3616 educatio

273 3647 443 3710 infantum
473 3646 507 3707 in
535 3653 626 3707 terra
648 3643 738 3724 apud
769 3641 893 3723 plures,
918 3653 1078 3706 constare
1106 3654 1224 3724 potest
1253 3645 1298 3708 ab
1326 3645 1392 3710 hoc

273 3741 445 3823 exemplo.
490 3739 594 3802 Eram
613 3739 647 3800 in
667 3737 784 3818 platea
803 3737 893 3799 urbis
913 3755 1071 3819 magnae,
1091 3749 1127 3802 et
1146 3741 1215 3803 vidi
1234 3741 1393 3824 puerulos

272 3839 363 3900 inter
378 3857 415 3898 se
431 3835 635 3898 dimicantes
648 3854 655 3911 ;
679 3831 841 3896 affluebat
858 3831 959 3896 turba
971 3853 1056 3914 quae
1072 3832 1137 3896 hoc
1151 3834 1260 3898 multa
1272 3835 1393 3918 volup-

273 3940 348 3996 tate
375 3926 596 4012 aspettabat3
629 3937 665 3991 et
691 3924 878 3990 instruEtus
904 3947 990 4004 sum,
1016 3929 1107 4010 quod
1138 3930 1201 4010 ipsi
1231 3940 1393 4012 parentes

272 4027 429 4090 excitent
453 4023 611 4106 puerulos
630 4022 755 4086 liberos
778 4021 821 4086 ad
845 4022 934 4085 tales
957 4043 1100 4104 pugnas.
1145 4021 1289 4104 Spiritus
1313 4025 1394 4090 boni
1475 4043 1478 4048 ’

273 4129 308 4185 et
327 4119 454 4202 angeli,
474 4119 529 4200 qui
549 4117 608 4180 illa
626 4137 686 4199 per
703 4115 823 4180 oculos
842 4135 938 4180 meos
956 4117 1131 4194 videbant,
1152 4117 1210 4180 illa
1228 4119 1277 4182 ita
1295 4140 1390 4183 aver-

272 4215 447 4288 sabantur,
466 4223 502 4274 ut
521 4212 696 4275 horrorem
709 4211 932 4293 perciperem,
946 4220 982 4274 et
1001 4214 1151 4276 maxime
1171 4234 1284 4289 exeo,
1302 4213 1392 4296 quod

272 4320 433 4392 parentes
449 4328 508 4371 eos
524 4308 568 4370 ad
585 4306 670 4369 talia
685 4307 850 4383 incitent;
875 4306 1042 4381 dicentes,
1060 4306 1151 4388 quod
1167 4309 1215 4371 sic
1235 4309 1269 4370 in
1285 4309 1394 4389 prima

272 4414 386 4468 aetate
410 4403 637 4483 exstinguant
661 4420 799 4464 omnem
823 4419 976 4464 amorem
999 4412 1165 4477 mutuum,
1191 4411 1227 4465 et
1253 4421 1392 4465 omnem

272 4499 518 4571 innocentiam,
536 4515 622 4578 quae
638 4494 824 4558 infantibus
843 4515 864 4557 a
882 4493 1044 4570 Domino,
1057 4505 1094 4559 et
1110 4495 1189 4559 illos
1208 4498 1241 4560 in
1258 4497 1338 4560 odia
1356 4505 1392 4560 et

270 4589 439 4658 vindittas
451 4592 606 4654 initient:
632 4599 883 4673 consequenter
894 4590 985 4674 quod
1003 4589 1128 4655 liberos
1145 4613 1225 4656 suos
1242 4613 1302 4656 suo
1318 4601 1391 4655 stu·
