3408 5358
609 655 659 708 DE
683 655 915 707 INFANTIBUS
938 657 979 706 IN
1002 657 1137 708 CAELO.
1373 663 1434 729 205

308 829 421 912 periit,
441 825 692 892 erubescebant
716 827 924 905 nuditatem,
939 836 975 890 et
998 847 1035 891 se
1058 827 1318 894 abscondebant
1344 830 1433 916 (cap.

308 925 351 986 iii.
361 937 448 1005 7,1o,
467 923 531 1006 11).
575 919 705 996 Verbo,
719 941 786 1004 quo
799 923 1025 1004 sapientiores
1041 923 1155 1004 angeli
1172 935 1263 998 sunt,
1278 947 1320 988 eo
1336 928 1433 992 inno-

307 1019 498 1096 centiores;
522 1025 558 1080 et
574 1035 641 1100 quo
653 1017 920 1092 innocentiores,
935 1038 977 1080 eo
994 1018 1069 1099 plus
1083 1031 1251 1101 apparent
1269 1021 1332 1084 sibi
1345 1023 1433 1085 sicut

306 1114 465 1177 infantes.
515 1111 600 1174 Inde
630 1121 695 1186 est,
721 1112 813 1195 quod
840 1111 1038 1176 “infantia''
1061 1113 1095 1174 in
1120 1111 1238 1177 Verbo
1262 1115 1433 1197 significet

306 1208 539 1272 innocentiam
560 1205 733 1288 (videatur
753 1227 865 1290 supra,
887 1227 919 1270 11.
939 1207 1028 1290 278).

369 1319 466 1388 342.
499 1301 653 1366 Locutus
680 1321 755 1365 sum
783 1321 860 1368 cum
889 1302 1023 1384 angelis
1053 1301 1097 1366 dc
1131 1303 1327 1380 infantibus,
1353 1325 1433 1368 num
1524 1325 1526 1328 ·

306 1399 380 1480 puri
403 1398 472 1460 sint
501 1417 521 1460 a
551 1397 660 1471 malis,
681 1400 759 1480 quia
789 1395 855 1460 illis
879 1397 1008 1460 nullum
1032 1395 1167 1461 adluale
1187 1398 1325 1474 malum,
1346 1402 1433 1464 sicut

305 1493 443 1556 adultis.
489 1491 557 1556 Sed
588 1489 716 1556 dictum
740 1503 794 1557 est
817 1491 910 1566 mihi,
936 1493 1028 1576 quod
1059 1493 1108 1556 illi
1138 1515 1246 1578 aeque
1277 1495 1310 1557 in
1341 1495 1433 1559 malo

306 1589 385 1662 sint,
405 1589 511 1651 immo
529 1589 620 1672 quod
644 1587 693 1652 illi
716 1609 849 1672 quoque
875 1587 958 1652 nihil
983 1589 1046 1651 nisi
1067 1587 1195 1652 malum
1216 1590 1284 1653 sint
1297 1587 1349 1652 :l⁸⁸l
1373 1592 1432 1654 sed

306 1681 397 1765 quod
414 1684 445 1758 ii,
460 1685 548 1747 sicut
565 1703 684 1747 omnes
700 1683 825 1766 angeli,
840 1685 1062 1747 detineantur
1078 1704 1099 1746 a
1116 1682 1218 1758 malo,
1236 1693 1272 1746 et
1289 1694 1432 1748 tenean-

306 1777 414 1841 tur-in
434 1777 527 1842 bono
544 1799 564 1841 a
584 1778 743 1854 Domino,
763 1780 974 1862 usqueadeo
992 1788 1029 1842 ut
1044 1787 1211 1862 appareat
1232 1779 1271 1841 iis
1291 1781 1379 1843 sicut
1400 1781 1432 1843 in

306 1871 399 1936 bono
422 1893 467 1936 ex
497 1893 534 1935 se
561 1873 648 1936 sint:
677 1893 780 1956 quare
801 1874 906 1936 etiam
926 1873 1086 1949 infantes,
1112 1883 1297 1956 postquam
1321 1874 1432 1938 adulti

305 1963 386 2031 111811
404 1977 484 2031 sunt
507 1967 540 2030 in
564 1966 672 2041 caelo,
693 1988 735 2030 ne
759 1969 792 2031 in
816 1967 902 2031 salsa
918 1969 1078 2050 opinione
1103 1970 1146 2032 de
1176 1989 1212 2032 se
1235 1969 1315 2043 sint,
1341 1970 1431 2050 quod

306 2061 434 2126 bonum
450 2062 540 2143 apud
557 2083 616 2124 eos
632 2063 677 2126 sit
696 2083 741 2125 ex
758 2063 808 2136 iis,
825 2072 861 2125 et
881 2082 949 2126 non
966 2083 1012 2125 ex
1030 2063 1191 2136 Domino,
1209 2065 1433 2126 remittuntur

307 2155 512 2240 quandoque
529 2157 563 2220 in
580 2156 670 2220 mala
687 2177 757 2231 sua,
775 2177 861 2240 quae
880 2157 1090 2220 hereditario
1106 2169 1325 2240 acceperunt,
1342 2167 1378 2221 et
1397 2160 1430 2221 in

306 2251 372 2315 illis
388 2251 633 2334 relinquuntur,
646 2272 751 2334 usque
767 2252 849 2314 dum
862 2251 985 2327 sciunt,
1000 2262 1206 2334 agnoscunt,
1221 2263 1256 2316 et
1274 2253 1430 2326 credunt,

305 2347 395 2429 quod
411 2347 461 2408 ita
480 2365 516 2409 se
532 2366 586 2409 res
598 2345 736 2409 habeat.
787 2343 935 2426 Quidam
949 2349 1055 2410 etiam
1067 2347 1125 2430 qui
1141 2345 1251 2409 infans
1264 2357 1429 2420 mortuus,

304 2439 367 2504 sed
383 2441 440 2523 qui
455 2441 608 2504 adolevit
625 2441 658 2504 in
675 2439 784 2515 caelo,
802 2441 836 2503 in
852 2439 954 2504 simili
966 2442 1127 2524 opinione
1140 2441 1201 2504 suit
1217 2461 1224 2516 ;
1248 2451 1323 2504 erat
1340 2444 1431 2524 regis

305 2535 480 2618 cujusdam
509 2534 616 2602 filius:
647 2555 750 2617 quare
783 2536 817 2598 in
843 2536 952 2598 vitam
985 2535 1153 2599 malorum
1184 2535 1247 2598 sibi
1274 2537 1430 2599 innatam

305 2633 465 2696 remissus
488 2640 553 2705 est,
574 2639 609 2694 et
633 2639 714 2694 tunc
739 2631 876 2712 percepi
899 2650 944 2693 ex
968 2629 1113 2712 sphaera
1132 2631 1225 2694 vitae
1245 2629 1316 2712 ejus
1338 2632 1429 2714 quod

305 2725 450 2790 haberet
481 2726 631 2789 animum
655 2725 844 2807 imperandi
874 2724 960 2796 aliis,
980 2735 1015 2787 et
1046 2725 1137 2807 quod
1168 2725 1338 2788 adulteria
1368 2745 1430 2810 pro

306 2819 413 2884 nihilo
443 2819 654 2894 aestimaret,
683 2839 770 2902 quae
800 2817 934 2882 suerunt
964 2819 995 2881 ei
1026 2818 1118 2882 mala
1143 2818 1354 2884 hereditario
1383 2842 1428 2883 ex

306 2916 531 2998 parentibus:
563 2925 600 2979 at
623 2925 807 2998 postquam
830 2914 974 2995 agnovit
997 2913 1089 2997 quod
1116 2914 1197 2979 talis
1220 2925 1324 2990 esset,
1346 2925 1428 2978 tunc

305 3011 428 3074 iterum
451 3020 612 3091 receptus
635 3019 690 3073 est
718 3009 808 3072 inter
829 3007 984 3095 angelos,
1009 3010 1098 3072 inter
1127 3029 1212 3092 quos
1239 3010 1329 3092 prius
1356 3009 1427 3074 luit.

305 3103 482 3186 Nusquam
498 3104 620 3188 aliquis
638 3104 671 3166 in
687 3103 798 3167 altera
813 3104 885 3166 vita
901 3101 965 3166 luit
981 3121 1127 3184 poenam
1143 3115 1285 3185 propter
1301 3104 1427 3167 malum

304 3197 561 3273 hereditarium,
578 3199 657 3281 quia
669 3197 740 3278 ejus
757 3217 827 3260 non
843 3205 908 3272 est,
920 3198 970 3261 ita
985 3217 1055 3260 non
1071 3197 1106 3260 in
1123 3197 1223 3280 culpa
1238 3199 1329 3280 quod
1348 3197 1427 3261 talis

690 3393 741 3446 [ln
753 3403 851 3435 11011111
862 3393 1036 3446 camuel]

358 3497 409 3578 (ss)
434 3493 524 3567 Quod
543 3493 691 3557 homines,
703 3503 899 3566 quotcunque
914 3505 993 3557 sunt,
1007 3503 1170 3550 nascantur
1188 3495 1218 3548 in
1239 3495 1317 3550 mala
1329 3497 1427 3552 omnis

304 3581 430 3638 genens,
446 3565 632 3636 usqueadeo
650 3574 684 3619 ut
724 3565 855 3634 roprium
871 3581 976 3620 eorum
996 3581 1056 3619 non
1076 3565 1115 3620 sit
1134 3565 1191 3620 nisi
1207 3581 1297 3636 quam
1314 3567 1424 3620 malum

307 3635 687 3704 (11.110,115,731,874-87
726 3635 779 3704 987
805 3649 871 3700 1047
894 3649 962 3704 2307
986 3636 1055 3704 2308
1078 3635 1147 3704 3518
1170 3649 1235 3705 3701
1259 3635 1327 3704 3812
1347 3636 1419 3702 8480

305 3707 382 3776 8550,
399 3705 600 3773 1018310184,
616 3704 833 3774 10186,10731[1
849 3707 967 3774 10731]).

388 3776 449 3830 11011
460 3776 552 3830 1101110
562 3776 841 3832 ideorenascendus
850 3776 899 3837 sit,
910 3775 970 3830 hoc
980 3785 1036 3837 est,
1046 3775 1267 3846 regenerandus
1278 3775 1319 3844 (11.
1333 3779 1426 3846 3701).

388 3847 448 3900 11011
467 3847 578 3900 malum
597 3846 810 3902 hereditarium
832 3845 964 3902 hominis
983 3848 1023 3901 sit
1041 3861 1141 3900 amare
1160 3862 1192 3901 se
1213 3861 1284 3916 prae
1305 3845 1379 3910 De0,
1396 3859 1427 3902 et

305 3917 450 3970 mundum
464 3932 535 3986 prae
546 3917 639 3978 caelo,
652 3927 684 3971 et
696 3916 782 3971 nihili
795 3915 892 3971 lacere
926 3917 1073 3972 roximum
1088 3915 1253 3986 respective
1265 3915 1303 3971 ad
1313 3932 1355 3979 se,
1369 3919 1426 3972 nisi

305 3987 398 4042 modo
411 3999 587 4124 propgggfe,
600 3987 643 4042 ita
655 3997 759 4048 semet,
772 3987 816 4042 sic
828 4003 868 4058 qu
924 3988 965 4042 sit
976 4003 1062 4042 amor
1076 3987 1123 4041 sui
1138 3998 1169 4042 et
1185 3987 1290 4041 mundi
1308 3989 1348 4056 (n.
1363 3987 1426 4057 694,

305 4069 482 4126 71·4³17.5
552 4099 558 4112 ·

323 4071 339 4127 3
357 4127 447 4199 Quod
458 4143 495 4181 ex
507 4144 609 4182 amore
621 4127 667 4182 sui
681 4136 712 4181 et
731 4127 845 4190 mundi,
858 4129 931 4182 dum
946 4126 1221 4198 praedominantur,
1234 4129 1337 4183 omnia
1349 4129 1427 4184 mala

304 4197 365 4252 sint
387 4199 587 4266 1113071308,
601 4212 676 4265 1321.
690 4210 764 4266 1594,
778 4199 852 4266 1691,
864 4213 941 4268 3413,
953 4211 1030 4268 7155.
1040 4197 1118 4268 7376,
1128 4197 1319 4268 748ο[17488],
1331 4199 1426 4270 7488[.>

304 4267 938 4352 1189811811119118.1661816101,
1121 4337 1127 4352 ,
1226 4338 1232 4352 ,
1280 4337 1286 4352 ,

358 4337 444 4410 Quae
456 4349 528 4393 sunt
539 4349 734 4408 contemptus
746 4339 884 4401 alrorum,
897 4349 1062 4400 rmmrcrtra,
1077 4339 1191 4400 odium,
1203 4335 1348 4402 vmdrcla,
1361 4355 1425 4394 sae-

304 4407 1091 4492 1111166111(066611171111111111113,16118,
1109 4409 1214 4477 16141).
1496 4425 1498 4430 ·

359 4479 397 4534 Et
409 4480 490 4550 quod
503 4496 539 4534 ex
551 4478 598 4534 his
611 4479 698 4533 malis
710 4494 802 4533 omne
813 4477 922 4533 lalsum
937 4481 977 4547 (n.
996 4491 1071 4544 1047,
1088 4478 1181 4548 10283,
1195 4477 1287 4546 10184,
1303 4479 1411 4546 10186).

359 4547 448 4621 Quod
465 4549 507 4604 illi
523 4565 640 4604 amores
656 4557 744 4604 ruant
763 4548 793 4604 in
812 4559 959 4620 quantum
974 4549 1019 4604 eis
1037 4549 1175 4604 laxantur
1190 4547 1281 4610 irena,
1295 4559 1325 4604 et
1344 4551 1424 4620 quod

305 4634 390 4673 amor
402 4621 447 4674 sni
461 4620 605 4689 usquead
620 4620 764 4674 thronum
782 4617 838 4674 Dei
854 4621 893 4686 (n.
907 4632 985 4689 7375.
999 4619 1090 4685 86781.
