<?xml version="1.0" encoding="UTF-8"?>
<!DOCTYPE html PUBLIC "-//W3C//DTD XHTML 1.0 Transitional//EN"
    "http://www.w3.org/TR/xhtml1/DTD/xhtml1-transitional.dtd">
<html xmlns="http://www.w3.org/1999/xhtml" xml:lang="en" lang="en">
 <head>
  <title>
</title>
<meta http-equiv="Content-Type" content="text/html;charset=utf-8" />
  <meta name='ocr-system' content='tesseract 3.04.00' />
  <meta name='ocr-capabilities' content='ocr_page ocr_carea ocr_par ocr_line ocrx_word'/>
</head>
<body>
  <div class='ocr_page' id='page_1' title='image "./decaeloetejusmi00swedgoog_0172.png"; bbox 0 0 3382 5358; ppageno 0'>
   <div class='ocr_carea' id='block_1_1' title="bbox 323 649 1377 758">
    <p class='ocr_par' dir='ltr' id='par_1_1' title="bbox 323 649 1377 758">
     <span class='ocr_line' id='line_1_1' title="bbox 323 649 1377 758; baseline -0.005 -14"><span class='ocrx_word' id='word_1_1' title='bbox 323 649 376 744; x_wconf 55' lang='lat' dir='ltr'>na*</span> <span class='ocrx_word' id='word_1_2' title='bbox 394 692 518 745; x_wconf 67' lang='lat' dir='ltr'>statu</span> <span class='ocrx_word' id='word_1_3' title='bbox 538 689 801 743; x_wconf 75' lang='lat' dir='ltr'>luuocsutma</span> <span class='ocrx_word' id='word_1_4' title='bbox 820 687 1059 742; x_wconf 71' lang='lat' dir='ltr'>onustorum</span> <span class='ocrx_word' id='word_1_5' title='bbox 1078 689 1119 740; x_wconf 81' lang='lat' dir='ltr'>m</span> <span class='ocrx_word' id='word_1_6' title='bbox 1137 686 1271 740; x_wconf 72' lang='lat' dir='ltr'>cnuto.</span> <span class='ocrx_word' id='word_1_7' title='bbox 1321 674 1377 758; x_wconf 79' lang='lat'>165</span> 
     </span>
    </p>
   </div>
   <div class='ocr_carea' id='block_1_2' title="bbox 254 859 1452 3042">
    <p class='ocr_par' dir='ltr' id='par_1_2' title="bbox 255 859 1452 2568">
     <span class='ocr_line' id='line_1_2' title="bbox 317 859 1379 946; baseline -0.004 -16"><span class='ocrx_word' id='word_1_8' title='bbox 317 863 412 930; x_wconf 72' lang='lat'>²82.</span> <span class='ocrx_word' id='word_1_9' title='bbox 442 861 532 946; x_wconf 87' lang='lat' dir='ltr'>Quia</span> <span class='ocrx_word' id='word_1_10' title='bbox 550 861 745 926; x_wconf 86' lang='lat' dir='ltr'>innocentia</span> <span class='ocrx_word' id='word_1_11' title='bbox 761 869 815 927; x_wconf 87' lang='lat' dir='ltr'>est</span> <span class='ocrx_word' id='word_1_12' title='bbox 831 861 943 944; x_wconf 90' lang='lat' dir='ltr'>ipsum</span> <span class='ocrx_word' id='word_1_13' title='bbox 959 859 1047 924; x_wconf 90' lang='lat' dir='ltr'>Esse</span> <span class='ocrx_word' id='word_1_14' title='bbox 1066 859 1147 924; x_wconf 91' lang='lat' dir='ltr'>boni</span> <span class='ocrx_word' id='word_1_15' title='bbox 1165 859 1256 943; x_wconf 88' lang='lat' dir='ltr'>apud</span> <span class='ocrx_word' id='word_1_16' title='bbox 1273 879 1379 942; x_wconf 88' lang='lat' dir='ltr'>ange·</span> 
     </span>
     <span class='ocr_line' id='line_1_3' title="bbox 258 955 1380 1042; baseline -0.002 -20"><span class='ocrx_word' id='word_1_17' title='bbox 258 959 311 1024; x_wconf 87' lang='lat' dir='ltr'>los</span> <span class='ocrx_word' id='word_1_18' title='bbox 327 958 424 1036; x_wconf 90' lang='lat' dir='ltr'>caeli,</span> <span class='ocrx_word' id='word_1_19' title='bbox 437 967 535 1041; x_wconf 88' lang='lat' dir='ltr'>patet</span> <span class='ocrx_word' id='word_1_20' title='bbox 547 957 638 1042; x_wconf 91' lang='lat' dir='ltr'>quod</span> <span class='ocrx_word' id='word_1_21' title='bbox 656 957 816 1021; x_wconf 88' lang='lat' dir='ltr'>Divinum</span> <span class='ocrx_word' id='word_1_22' title='bbox 834 955 967 1021; x_wconf 92' lang='lat' dir='ltr'>Bonum</span> <span class='ocrx_word' id='word_1_23' title='bbox 981 956 1172 1039; x_wconf 87' lang='lat' dir='ltr'>procedens</span> <span class='ocrx_word' id='word_1_24' title='bbox 1191 975 1211 1019; x_wconf 92' lang='lat' dir='ltr'>a</span> <span class='ocrx_word' id='word_1_25' title='bbox 1230 955 1380 1020; x_wconf 92' lang='lat' dir='ltr'>Domino</span> 
     </span>
     <span class='ocr_line' id='line_1_4' title="bbox 258 1051 1380 1137; baseline -0.001 -20"><span class='ocrx_word' id='word_1_26' title='bbox 258 1055 303 1118; x_wconf 88' lang='lat' dir='ltr'>sit</span> <span class='ocrx_word' id='word_1_27' title='bbox 322 1053 397 1137; x_wconf 84' lang='lat' dir='ltr'>ipsa</span> <span class='ocrx_word' id='word_1_28' title='bbox 416 1054 633 1128; x_wconf 89' lang='lat' dir='ltr'>Innocentia,</span> <span class='ocrx_word' id='word_1_29' title='bbox 651 1071 731 1116; x_wconf 88' lang='lat' dir='ltr'>nam</span> <span class='ocrx_word' id='word_1_30' title='bbox 754 1052 788 1116; x_wconf 91' lang='lat' dir='ltr'>id</span> <span class='ocrx_word' id='word_1_31' title='bbox 812 1051 946 1118; x_wconf 90' lang='lat' dir='ltr'>Bonum</span> <span class='ocrx_word' id='word_1_32' title='bbox 969 1061 1023 1116; x_wconf 88' lang='lat' dir='ltr'>est</span> <span class='ocrx_word' id='word_1_33' title='bbox 1046 1051 1138 1136; x_wconf 90' lang='lat' dir='ltr'>quod</span> <span class='ocrx_word' id='word_1_34' title='bbox 1161 1051 1270 1115; x_wconf 88' lang='lat' dir='ltr'>influit</span> <span class='ocrx_word' id='word_1_35' title='bbox 1289 1052 1380 1135; x_wconf 89' lang='lat' dir='ltr'>apud</span> 
     </span>
     <span class='ocr_line' id='line_1_5' title="bbox 259 1146 1380 1232; baseline -0.001 -19"><span class='ocrx_word' id='word_1_36' title='bbox 259 1149 415 1232; x_wconf 84' lang='lat' dir='ltr'>angelos,</span> <span class='ocrx_word' id='word_1_37' title='bbox 436 1158 472 1214; x_wconf 87' lang='lat' dir='ltr'>et</span> <span class='ocrx_word' id='word_1_38' title='bbox 496 1147 602 1212; x_wconf 88' lang='lat' dir='ltr'>afficit</span> <span class='ocrx_word' id='word_1_39' title='bbox 625 1146 761 1211; x_wconf 91' lang='lat' dir='ltr'>illorum</span> <span class='ocrx_word' id='word_1_40' title='bbox 780 1147 912 1223; x_wconf 89' lang='lat' dir='ltr'>intima,</span> <span class='ocrx_word' id='word_1_41' title='bbox 933 1166 972 1211; x_wconf 87' lang='lat' dir='ltr'>ac</span> <span class='ocrx_word' id='word_1_42' title='bbox 997 1147 1150 1230; x_wconf 89' lang='lat' dir='ltr'>disponit</span> <span class='ocrx_word' id='word_1_43' title='bbox 1174 1157 1211 1212; x_wconf 88' lang='lat' dir='ltr'>et</span> <span class='ocrx_word' id='word_1_44' title='bbox 1233 1147 1380 1228; x_wconf 88' lang='lat' dir='ltr'>adaptat</span> 
     </span>
     <span class='ocr_line' id='line_1_6' title="bbox 257 1241 1452 1327; baseline -0.003 -19"><span class='ocrx_word' id='word_1_45' title='bbox 257 1245 302 1308; x_wconf 94' lang='lat' dir='ltr'>ad</span> <span class='ocrx_word' id='word_1_46' title='bbox 320 1244 554 1327; x_wconf 87' lang='lat' dir='ltr'>recipiendum</span> <span class='ocrx_word' id='word_1_47' title='bbox 573 1263 676 1307; x_wconf 88' lang='lat' dir='ltr'>omne</span> <span class='ocrx_word' id='word_1_48' title='bbox 695 1243 823 1306; x_wconf 89' lang='lat' dir='ltr'>bonum</span> <span class='ocrx_word' id='word_1_49' title='bbox 842 1241 952 1306; x_wconf 89' lang='lat' dir='ltr'>caeli:</span> <span class='ocrx_word' id='word_1_50' title='bbox 980 1242 1138 1307; x_wconf 88' lang='lat' dir='ltr'>similiter</span> <span class='ocrx_word' id='word_1_51' title='bbox 1156 1241 1194 1306; x_wconf 85' lang='lat' dir='ltr'>fit</span> <span class='ocrx_word' id='word_1_52' title='bbox 1213 1241 1303 1324; x_wconf 88' lang='lat' dir='ltr'>apud</span> <span class='ocrx_word' id='word_1_53' title='bbox 1326 1242 1379 1305; x_wconf 92' lang='lat' dir='ltr'>in·</span> <span class='ocrx_word' id='word_1_54' title='bbox 1449 1273 1452 1280; x_wconf 55' lang='lat'><em>2</em></span> 
     </span>
     <span class='ocr_line' id='line_1_7' title="bbox 258 1337 1380 1424; baseline -0.002 -20"><span class='ocrx_word' id='word_1_55' title='bbox 258 1340 383 1416; x_wconf 82' lang='lat' dir='ltr'>santes,</span> <span class='ocrx_word' id='word_1_56' title='bbox 407 1359 550 1424; x_wconf 83' lang='lat' dir='ltr'>quorum</span> <span class='ocrx_word' id='word_1_57' title='bbox 580 1339 745 1403; x_wconf 85' lang='lat' dir='ltr'>interiora</span> <span class='ocrx_word' id='word_1_58' title='bbox 777 1357 837 1421; x_wconf 90' lang='lat' dir='ltr'>per</span> <span class='ocrx_word' id='word_1_59' title='bbox 867 1337 1093 1403; x_wconf 84' lang='lat' dir='ltr'>transfluxum</span> <span class='ocrx_word' id='word_1_60' title='bbox 1117 1339 1336 1403; x_wconf 91' lang='lat' dir='ltr'>innocentiae</span> <span class='ocrx_word' id='word_1_61' title='bbox 1359 1358 1380 1402; x_wconf 92' lang='lat' dir='ltr'>a</span> 
     </span>
     <span class='ocr_line' id='line_1_8' title="bbox 258 1433 1379 1516; baseline -0.002 -18"><span class='ocrx_word' id='word_1_62' title='bbox 258 1435 408 1499; x_wconf 90' lang='lat' dir='ltr'>Domino</span> <span class='ocrx_word' id='word_1_63' title='bbox 431 1455 500 1499; x_wconf 91' lang='lat' dir='ltr'>non</span> <span class='ocrx_word' id='word_1_64' title='bbox 524 1435 630 1498; x_wconf 90' lang='lat' dir='ltr'>modo</span> <span class='ocrx_word' id='word_1_65' title='bbox 652 1433 852 1510; x_wconf 81' lang='lat' dir='ltr'>formantur,</span> <span class='ocrx_word' id='word_1_66' title='bbox 873 1433 934 1498; x_wconf 92' lang='lat' dir='ltr'>sed</span> <span class='ocrx_word' id='word_1_67' title='bbox 958 1435 1063 1498; x_wconf 90' lang='lat' dir='ltr'>etiam</span> <span class='ocrx_word' id='word_1_68' title='bbox 1086 1435 1248 1499; x_wconf 89' lang='lat' dir='ltr'>continue</span> <span class='ocrx_word' id='word_1_69' title='bbox 1271 1433 1379 1516; x_wconf 93' lang='lat' dir='ltr'>adap-</span> 
     </span>
     <span class='ocr_line' id='line_1_9' title="bbox 258 1529 1379 1613; baseline 0 -19"><span class='ocrx_word' id='word_1_70' title='bbox 258 1539 378 1594; x_wconf 84' lang='lat' dir='ltr'>tantur</span> <span class='ocrx_word' id='word_1_71' title='bbox 396 1539 432 1594; x_wconf 89' lang='lat' dir='ltr'>et</span> <span class='ocrx_word' id='word_1_72' title='bbox 451 1530 681 1612; x_wconf 86' lang='lat' dir='ltr'>disponuntur</span> <span class='ocrx_word' id='word_1_73' title='bbox 699 1529 743 1594; x_wconf 87' lang='lat' dir='ltr'>ad</span> <span class='ocrx_word' id='word_1_74' title='bbox 762 1529 995 1613; x_wconf 87' lang='lat' dir='ltr'>recipiendum</span> <span class='ocrx_word' id='word_1_75' title='bbox 1010 1529 1139 1592; x_wconf 92' lang='lat' dir='ltr'>bonum</span> <span class='ocrx_word' id='word_1_76' title='bbox 1155 1529 1280 1593; x_wconf 87' lang='lat' dir='ltr'>amoris</span> <span class='ocrx_word' id='word_1_77' title='bbox 1299 1547 1379 1594; x_wconf 85' lang='lat' dir='ltr'>cae·</span> 
     </span>
     <span class='ocr_line' id='line_1_10' title="bbox 257 1624 1379 1708; baseline 0.001 -19"><span class='ocrx_word' id='word_1_78' title='bbox 257 1625 367 1702; x_wconf 82' lang='lat' dir='ltr'>lestis,</span> <span class='ocrx_word' id='word_1_79' title='bbox 391 1625 552 1708; x_wconf 88' lang='lat' dir='ltr'>quoniam</span> <span class='ocrx_word' id='word_1_80' title='bbox 581 1626 711 1689; x_wconf 91' lang='lat' dir='ltr'>bonum</span> <span class='ocrx_word' id='word_1_81' title='bbox 741 1624 962 1690; x_wconf 84' lang='lat' dir='ltr'>innocentiae</span> <span class='ocrx_word' id='word_1_82' title='bbox 987 1625 1032 1688; x_wconf 92' lang='lat' dir='ltr'>ab</span> <span class='ocrx_word' id='word_1_83' title='bbox 1061 1625 1184 1688; x_wconf 91' lang='lat' dir='ltr'>intimo</span> <span class='ocrx_word' id='word_1_84' title='bbox 1213 1624 1300 1706; x_wconf 87' lang='lat' dir='ltr'>agit,</span> <span class='ocrx_word' id='word_1_85' title='bbox 1324 1635 1379 1690; x_wconf 86' lang='lat' dir='ltr'>est</span> 
     </span>
     <span class='ocr_line' id='line_1_11' title="bbox 256 1719 1378 1797; baseline 0.001 -12"><span class='ocrx_word' id='word_1_86' title='bbox 256 1720 359 1797; x_wconf 84' lang='lat' dir='ltr'>enim,</span> <span class='ocrx_word' id='word_1_87' title='bbox 377 1731 415 1784; x_wconf 90' lang='lat' dir='ltr'>ut</span> <span class='ocrx_word' id='word_1_88' title='bbox 439 1719 568 1785; x_wconf 71' lang='lat' dir='ltr'>dietum</span> <span class='ocrx_word' id='word_1_89' title='bbox 591 1730 657 1797; x_wconf 87' lang='lat' dir='ltr'>est,</span> <span class='ocrx_word' id='word_1_90' title='bbox 675 1719 764 1784; x_wconf 89' lang='lat' dir='ltr'>Esse</span> <span class='ocrx_word' id='word_1_91' title='bbox 786 1722 899 1785; x_wconf 87' lang='lat' dir='ltr'>omnis</span> <span class='ocrx_word' id='word_1_92' title='bbox 921 1721 1012 1784; x_wconf 88' lang='lat' dir='ltr'>boni.</span> <span class='ocrx_word' id='word_1_93' title='bbox 1060 1719 1118 1784; x_wconf 85' lang='lat' dir='ltr'>Ex</span> <span class='ocrx_word' id='word_1_94' title='bbox 1140 1719 1192 1782; x_wconf 92' lang='lat' dir='ltr'>his</span> <span class='ocrx_word' id='word_1_95' title='bbox 1216 1731 1378 1786; x_wconf 79' lang='lat' dir='ltr'>constare</span> 
     </span>
     <span class='ocr_line' id='line_1_12' title="bbox 256 1815 1377 1902; baseline -0.001 -20"><span class='ocrx_word' id='word_1_96' title='bbox 256 1827 387 1902; x_wconf 91' lang='lat' dir='ltr'>potest,</span> <span class='ocrx_word' id='word_1_97' title='bbox 407 1815 498 1900; x_wconf 91' lang='lat' dir='ltr'>quod</span> <span class='ocrx_word' id='word_1_98' title='bbox 517 1817 853 1882; x_wconf 82' lang='lat' dir='ltr'>omnis-innocentia</span> <span class='ocrx_word' id='word_1_99' title='bbox 878 1817 924 1881; x_wconf 88' lang='lat' dir='ltr'>sit</span> <span class='ocrx_word' id='word_1_100' title='bbox 953 1838 974 1881; x_wconf 87' lang='lat' dir='ltr'>a</span> <span class='ocrx_word' id='word_1_101' title='bbox 1004 1815 1179 1880; x_wconf 88' lang='lat' dir='ltr'>Domino:</span> <span class='ocrx_word' id='word_1_102' title='bbox 1210 1817 1290 1881; x_wconf 91' lang='lat' dir='ltr'>inde</span> <span class='ocrx_word' id='word_1_103' title='bbox 1313 1827 1377 1892; x_wconf 85' lang='lat' dir='ltr'>est,</span> 
     </span>
     <span class='ocr_line' id='line_1_13' title="bbox 256 1909 1378 1995; baseline 0.002 -21"><span class='ocrx_word' id='word_1_104' title='bbox 256 1911 347 1995; x_wconf 92' lang='lat' dir='ltr'>quod</span> <span class='ocrx_word' id='word_1_105' title='bbox 371 1909 539 1974; x_wconf 85' lang='lat' dir='ltr'>Dominus</span> <span class='ocrx_word' id='word_1_106' title='bbox 569 1912 604 1976; x_wconf 88' lang='lat' dir='ltr'>in</span> <span class='ocrx_word' id='word_1_107' title='bbox 634 1909 754 1976; x_wconf 87' lang='lat' dir='ltr'>Verbo</span> <span class='ocrx_word' id='word_1_108' title='bbox 784 1913 919 1978; x_wconf 85' lang='lat' dir='ltr'>dicatur</span> <span class='ocrx_word' id='word_1_109' title='bbox 947 1911 1083 1994; x_wconf 85' lang='lat' dir='ltr'>Agnus,</span> <span class='ocrx_word' id='word_1_110' title='bbox 1108 1931 1188 1976; x_wconf 90' lang='lat' dir='ltr'>nam</span> <span class='ocrx_word' id='word_1_111' title='bbox 1213 1913 1378 1994; x_wconf 81' lang='lat' dir='ltr'>“agnus&#39;&#39;</span> 
     </span>
     <span class='ocr_line' id='line_1_14' title="bbox 256 2003 1377 2090; baseline 0 -20"><span class='ocrx_word' id='word_1_112' title='bbox 256 2003 429 2089; x_wconf 85' lang='lat' dir='ltr'>significat</span> <span class='ocrx_word' id='word_1_113' title='bbox 451 2005 741 2071; x_wconf 73' lang='lat' dir='ltr'>innocentiam.(’¹¹)</span> <span class='ocrx_word' id='word_1_114' title='bbox 791 2005 881 2090; x_wconf 83' lang='lat' dir='ltr'>Quia</span> <span class='ocrx_word' id='word_1_115' title='bbox 908 2007 1108 2072; x_wconf 89' lang='lat' dir='ltr'>innocentia</span> <span class='ocrx_word' id='word_1_116' title='bbox 1136 2017 1190 2072; x_wconf 85' lang='lat' dir='ltr'>est</span> <span class='ocrx_word' id='word_1_117' title='bbox 1219 2007 1377 2071; x_wconf 92' lang='lat' dir='ltr'>intimum</span> 
     </span>
     <span class='ocr_line' id='line_1_15' title="bbox 256 2099 1377 2186; baseline 0 -20"><span class='ocrx_word' id='word_1_118' title='bbox 256 2103 290 2166; x_wconf 92' lang='lat' dir='ltr'>in</span> <span class='ocrx_word' id='word_1_119' title='bbox 313 2101 407 2166; x_wconf 89' lang='lat' dir='ltr'>omni</span> <span class='ocrx_word' id='word_1_120' title='bbox 425 2102 519 2166; x_wconf 91' lang='lat' dir='ltr'>bono</span> <span class='ocrx_word' id='word_1_121' title='bbox 536 2102 635 2180; x_wconf 83' lang='lat' dir='ltr'>caeli,</span> <span class='ocrx_word' id='word_1_122' title='bbox 655 2103 735 2166; x_wconf 86' lang='lat' dir='ltr'>ideo</span> <span class='ocrx_word' id='word_1_123' title='bbox 752 2121 888 2186; x_wconf 83' lang='lat' dir='ltr'>quoque</span> <span class='ocrx_word' id='word_1_124' title='bbox 906 2101 966 2165; x_wconf 85' lang='lat' dir='ltr'>illa</span> <span class='ocrx_word' id='word_1_125' title='bbox 983 2103 1034 2166; x_wconf 85' lang='lat' dir='ltr'>ita</span> <span class='ocrx_word' id='word_1_126' title='bbox 1048 2099 1153 2166; x_wconf 84' lang='lat' dir='ltr'>afficit</span> <span class='ocrx_word' id='word_1_127' title='bbox 1173 2111 1319 2177; x_wconf 90' lang='lat' dir='ltr'>mentes,</span> <span class='ocrx_word' id='word_1_128' title='bbox 1338 2116 1377 2167; x_wconf 92' lang='lat' dir='ltr'>ut</span> 
     </span>
     <span class='ocr_line' id='line_1_16' title="bbox 256 2195 1377 2280; baseline 0 -20"><span class='ocrx_word' id='word_1_129' title='bbox 256 2197 313 2279; x_wconf 89' lang='lat' dir='ltr'>qui</span> <span class='ocrx_word' id='word_1_130' title='bbox 341 2196 435 2260; x_wconf 91' lang='lat' dir='ltr'>illam</span> <span class='ocrx_word' id='word_1_131' title='bbox 464 2197 581 2273; x_wconf 86' lang='lat' dir='ltr'>sentit,</span> <span class='ocrx_word' id='word_1_132' title='bbox 602 2197 693 2280; x_wconf 86' lang='lat' dir='ltr'>quod</span> <span class='ocrx_word' id='word_1_133' title='bbox 717 2195 756 2262; x_wconf 82' lang='lat' dir='ltr'>fit</span> <span class='ocrx_word' id='word_1_134' title='bbox 785 2197 1083 2280; x_wconf 85' lang='lat' dir='ltr'>appropinquante</span> <span class='ocrx_word' id='word_1_135' title='bbox 1112 2197 1237 2279; x_wconf 84' lang='lat' dir='ltr'>angelo</span> <span class='ocrx_word' id='word_1_136' title='bbox 1265 2197 1377 2260; x_wconf 90' lang='lat' dir='ltr'>intimi</span> 
     </span>
     <span class='ocr_line' id='line_1_17' title="bbox 255 2291 1377 2382; baseline 0.001 -26"><span class='ocrx_word' id='word_1_137' title='bbox 255 2291 352 2369; x_wconf 84' lang='lat' dir='ltr'>caeli,</span> <span class='ocrx_word' id='word_1_138' title='bbox 369 2293 527 2356; x_wconf 89' lang='lat' dir='ltr'>videatur</span> <span class='ocrx_word' id='word_1_139' title='bbox 544 2293 608 2356; x_wconf 90' lang='lat' dir='ltr'>sibi</span> <span class='ocrx_word' id='word_1_140' title='bbox 627 2313 697 2357; x_wconf 88' lang='lat' dir='ltr'>non</span> <span class='ocrx_word' id='word_1_141' title='bbox 715 2293 765 2357; x_wconf 92' lang='lat' dir='ltr'>sui</span> <span class='ocrx_word' id='word_1_142' title='bbox 780 2291 862 2375; x_wconf 89' lang='lat' dir='ltr'>juris</span> <span class='ocrx_word' id='word_1_143' title='bbox 879 2313 966 2369; x_wconf 85' lang='lat' dir='ltr'>esse,</span> <span class='ocrx_word' id='word_1_144' title='bbox 986 2302 1023 2356; x_wconf 90' lang='lat' dir='ltr'>et</span> <span class='ocrx_word' id='word_1_145' title='bbox 1044 2293 1124 2356; x_wconf 88' lang='lat' dir='ltr'>inde</span> <span class='ocrx_word' id='word_1_146' title='bbox 1146 2293 1208 2357; x_wconf 89' lang='lat' dir='ltr'>tali</span> <span class='ocrx_word' id='word_1_147' title='bbox 1227 2292 1377 2382; x_wconf 73' lang='lat' dir='ltr'>jucundo</span> 
     </span>
     <span class='ocr_line' id='line_1_18' title="bbox 255 2385 1376 2472; baseline 0.001 -21"><span class='ocrx_word' id='word_1_148' title='bbox 255 2385 398 2452; x_wconf 82' lang='lat' dir='ltr'>afficiet</span> <span class='ocrx_word' id='word_1_149' title='bbox 420 2389 516 2472; x_wconf 88' lang='lat' dir='ltr'>quasi</span> <span class='ocrx_word' id='word_1_150' title='bbox 535 2389 666 2466; x_wconf 77' lang='lat' dir='ltr'>auferri,</span> <span class='ocrx_word' id='word_1_151' title='bbox 683 2398 721 2453; x_wconf 91' lang='lat' dir='ltr'>ut</span> <span class='ocrx_word' id='word_1_152' title='bbox 744 2399 908 2470; x_wconf 88' lang='lat' dir='ltr'>appareat</span> <span class='ocrx_word' id='word_1_153' title='bbox 931 2405 1033 2452; x_wconf 91' lang='lat' dir='ltr'>omne</span> <span class='ocrx_word' id='word_1_154' title='bbox 1053 2387 1239 2470; x_wconf 89' lang='lat' dir='ltr'>jucundum</span> <span class='ocrx_word' id='word_1_155' title='bbox 1258 2388 1376 2452; x_wconf 86' lang='lat' dir='ltr'>mundi</span> 
     </span>
     <span class='ocr_line' id='line_1_19' title="bbox 255 2481 1335 2568; baseline -0.001 -21"><span class='ocrx_word' id='word_1_156' title='bbox 255 2482 339 2547; x_wconf 90' lang='lat' dir='ltr'>nihil</span> <span class='ocrx_word' id='word_1_157' title='bbox 357 2504 434 2548; x_wconf 88' lang='lat' dir='ltr'>esse</span> <span class='ocrx_word' id='word_1_158' title='bbox 450 2481 658 2565; x_wconf 68' lang='lat' dir='ltr'>respective:</span> <span class='ocrx_word' id='word_1_159' title='bbox 684 2505 729 2548; x_wconf 85' lang='lat' dir='ltr'>ex</span> <span class='ocrx_word' id='word_1_160' title='bbox 748 2485 1014 2568; x_wconf 86' lang='lat' dir='ltr'>apperceptione</span> <span class='ocrx_word' id='word_1_161' title='bbox 1033 2482 1103 2566; x_wconf 86' lang='lat' dir='ltr'>ejus</span> <span class='ocrx_word' id='word_1_162' title='bbox 1121 2483 1187 2548; x_wconf 91' lang='lat' dir='ltr'>hoc</span> <span class='ocrx_word' id='word_1_163' title='bbox 1206 2483 1335 2566; x_wconf 89' lang='lat' dir='ltr'>loquor.</span> 
     </span>
    </p>

    <p class='ocr_par' dir='ltr' id='par_1_3' title="bbox 254 2575 1375 3042">
     <span class='ocr_line' id='line_1_20' title="bbox 318 2575 1375 2662; baseline -0.002 -19"><span class='ocrx_word' id='word_1_164' title='bbox 318 2577 416 2661; x_wconf 74' lang='lat'>283.</span> <span class='ocrx_word' id='word_1_165' title='bbox 446 2575 577 2642; x_wconf 89' lang='lat' dir='ltr'>Omnes</span> <span class='ocrx_word' id='word_1_166' title='bbox 595 2579 651 2662; x_wconf 93' lang='lat' dir='ltr'>qui</span> <span class='ocrx_word' id='word_1_167' title='bbox 669 2579 704 2642; x_wconf 89' lang='lat' dir='ltr'>in</span> <span class='ocrx_word' id='word_1_168' title='bbox 722 2579 815 2643; x_wconf 91' lang='lat' dir='ltr'>bono</span> <span class='ocrx_word' id='word_1_169' title='bbox 833 2579 1052 2643; x_wconf 87' lang='lat' dir='ltr'>innocentiae</span> <span class='ocrx_word' id='word_1_170' title='bbox 1071 2586 1162 2655; x_wconf 89' lang='lat' dir='ltr'>sunt,</span> <span class='ocrx_word' id='word_1_171' title='bbox 1183 2577 1375 2642; x_wconf 85' lang='lat' dir='ltr'>afficiuntur</span> 
     </span>
     <span class='ocr_line' id='line_1_21' title="bbox 254 2671 1373 2756; baseline 0 -20"><span class='ocrx_word' id='word_1_172' title='bbox 254 2673 472 2752; x_wconf 83' lang='lat' dir='ltr'>innocentia;</span> <span class='ocrx_word' id='word_1_173' title='bbox 496 2685 532 2737; x_wconf 91' lang='lat' dir='ltr'>et</span> <span class='ocrx_word' id='word_1_174' title='bbox 551 2684 717 2756; x_wconf 90' lang='lat' dir='ltr'>quantum</span> <span class='ocrx_word' id='word_1_175' title='bbox 733 2675 807 2756; x_wconf 85' lang='lat' dir='ltr'>quis</span> <span class='ocrx_word' id='word_1_176' title='bbox 825 2675 859 2738; x_wconf 91' lang='lat' dir='ltr'>in</span> <span class='ocrx_word' id='word_1_177' title='bbox 878 2673 938 2738; x_wconf 90' lang='lat' dir='ltr'>illo</span> <span class='ocrx_word' id='word_1_178' title='bbox 954 2675 1047 2739; x_wconf 90' lang='lat' dir='ltr'>bono</span> <span class='ocrx_word' id='word_1_179' title='bbox 1065 2683 1130 2750; x_wconf 84' lang='lat' dir='ltr'>est,</span> <span class='ocrx_word' id='word_1_180' title='bbox 1148 2682 1284 2738; x_wconf 87' lang='lat' dir='ltr'>tantum</span> <span class='ocrx_word' id='word_1_181' title='bbox 1300 2671 1373 2736; x_wconf 83' lang='lat' dir='ltr'>affi-</span> 
     </span>
     <span class='ocr_line' id='line_1_22' title="bbox 255 2767 1374 2852; baseline -0.001 -19"><span class='ocrx_word' id='word_1_182' title='bbox 255 2771 360 2834; x_wconf 85' lang='lat' dir='ltr'>citur:</span> <span class='ocrx_word' id='word_1_183' title='bbox 385 2779 422 2832; x_wconf 90' lang='lat' dir='ltr'>at</span> <span class='ocrx_word' id='word_1_184' title='bbox 440 2769 496 2852; x_wconf 91' lang='lat' dir='ltr'>qui</span> <span class='ocrx_word' id='word_1_185' title='bbox 512 2787 581 2834; x_wconf 92' lang='lat' dir='ltr'>non</span> <span class='ocrx_word' id='word_1_186' title='bbox 596 2769 631 2833; x_wconf 94' lang='lat' dir='ltr'>in</span> <span class='ocrx_word' id='word_1_187' title='bbox 646 2769 739 2833; x_wconf 93' lang='lat' dir='ltr'>bono</span> <span class='ocrx_word' id='word_1_188' title='bbox 752 2771 971 2834; x_wconf 89' lang='lat' dir='ltr'>innocentiae</span> <span class='ocrx_word' id='word_1_189' title='bbox 987 2779 1078 2846; x_wconf 89' lang='lat' dir='ltr'>sunt,</span> <span class='ocrx_word' id='word_1_190' title='bbox 1096 2789 1166 2834; x_wconf 92' lang='lat' dir='ltr'>non</span> <span class='ocrx_word' id='word_1_191' title='bbox 1182 2767 1374 2833; x_wconf 85' lang='lat' dir='ltr'>afficiuntur</span> 
     </span>
     <span class='ocr_line' id='line_1_23' title="bbox 255 2862 1372 2946; baseline 0 -20"><span class='ocrx_word' id='word_1_192' title='bbox 255 2862 332 2926; x_wconf 87' lang='lat' dir='ltr'>iila:</span> <span class='ocrx_word' id='word_1_193' title='bbox 356 2871 564 2946; x_wconf 86' lang='lat' dir='ltr'>quapropter</span> <span class='ocrx_word' id='word_1_194' title='bbox 576 2883 697 2928; x_wconf 88' lang='lat' dir='ltr'>omnes</span> <span class='ocrx_word' id='word_1_195' title='bbox 712 2863 761 2927; x_wconf 91' lang='lat' dir='ltr'>illi</span> <span class='ocrx_word' id='word_1_196' title='bbox 773 2863 830 2946; x_wconf 90' lang='lat' dir='ltr'>qui</span> <span class='ocrx_word' id='word_1_197' title='bbox 845 2863 879 2927; x_wconf 92' lang='lat' dir='ltr'>in</span> <span class='ocrx_word' id='word_1_198' title='bbox 891 2863 1023 2930; x_wconf 79' lang='lat' dir='ltr'>inferno</span> <span class='ocrx_word' id='word_1_199' title='bbox 1038 2873 1129 2939; x_wconf 88' lang='lat' dir='ltr'>sunt,</span> <span class='ocrx_word' id='word_1_200' title='bbox 1139 2883 1275 2946; x_wconf 87' lang='lat' dir='ltr'>prorsus</span> <span class='ocrx_word' id='word_1_201' title='bbox 1291 2881 1372 2927; x_wconf 91' lang='lat' dir='ltr'>con-</span> 
     </span>
     <span class='ocr_line' id='line_1_24' title="bbox 254 2957 1374 3042; baseline 0 -20"><span class='ocrx_word' id='word_1_202' title='bbox 254 2969 307 3022; x_wconf 86' lang='lat' dir='ltr'>tra</span> <span class='ocrx_word' id='word_1_203' title='bbox 325 2957 558 3022; x_wconf 87' lang='lat' dir='ltr'>innocentiam</span> <span class='ocrx_word' id='word_1_204' title='bbox 577 2968 678 3039; x_wconf 75' lang='lat' dir='ltr'>sunt3</span> <span class='ocrx_word' id='word_1_205' title='bbox 707 2979 770 3024; x_wconf 88' lang='lat' dir='ltr'>nec</span> <span class='ocrx_word' id='word_1_206' title='bbox 786 2960 899 3024; x_wconf 88' lang='lat' dir='ltr'>sciunt</span> <span class='ocrx_word' id='word_1_207' title='bbox 921 2959 1002 3042; x_wconf 92' lang='lat' dir='ltr'>quid</span> <span class='ocrx_word' id='word_1_208' title='bbox 1025 2959 1245 3038; x_wconf 88' lang='lat' dir='ltr'>innocentia;</span> <span class='ocrx_word' id='word_1_209' title='bbox 1267 2959 1374 3022; x_wconf 89' lang='lat' dir='ltr'>immo</span> 
     </span>
    </p>
   </div>
   <div class='ocr_carea' id='block_1_3' title="bbox 254 3051 1488 3138">
    <p class='ocr_par' dir='ltr' id='par_1_4' title="bbox 254 3051 1488 3138">
     <span class='ocr_line' id='line_1_25' title="bbox 254 3051 1488 3138; baseline 0.002 -22"><span class='ocrx_word' id='word_1_210' title='bbox 254 3051 343 3116; x_wconf 86' lang='lat' dir='ltr'>tales</span> <span class='ocrx_word' id='word_1_211' title='bbox 364 3063 456 3130; x_wconf 84' lang='lat' dir='ltr'>sunt,</span> <span class='ocrx_word' id='word_1_212' title='bbox 476 3062 514 3118; x_wconf 91' lang='lat' dir='ltr'>ut</span> <span class='ocrx_word' id='word_1_213' title='bbox 537 3063 702 3138; x_wconf 89' lang='lat' dir='ltr'>quantum</span> <span class='ocrx_word' id='word_1_214' title='bbox 724 3055 799 3138; x_wconf 83' lang='lat' dir='ltr'>quis</span> <span class='ocrx_word' id='word_1_215' title='bbox 821 3055 997 3131; x_wconf 87' lang='lat' dir='ltr'>innocens,</span> <span class='ocrx_word' id='word_1_216' title='bbox 1017 3063 1154 3119; x_wconf 91' lang='lat' dir='ltr'>tantum</span> <span class='ocrx_word' id='word_1_217' title='bbox 1172 3053 1319 3136; x_wconf 85' lang='lat' dir='ltr'>flagrent</span> <span class='ocrx_word' id='word_1_218' title='bbox 1342 3056 1374 3119; x_wconf 91' lang='lat' dir='ltr'>ei</span> <span class='ocrx_word' id='word_1_219' title='bbox 1485 3093 1488 3100; x_wconf 66' lang='lat'>‹</span> 
     </span>
    </p>
   </div>
   <div class='ocr_carea' id='block_1_4' title="bbox 253 3149 1373 3615">
    <p class='ocr_par' dir='ltr' id='par_1_5' title="bbox 253 3149 1373 3615">
     <span class='ocr_line' id='line_1_26' title="bbox 254 3149 1372 3234; baseline 0.003 -23"><span class='ocrx_word' id='word_1_220' title='bbox 254 3149 415 3213; x_wconf 89' lang='lat' dir='ltr'>damnum</span> <span class='ocrx_word' id='word_1_221' title='bbox 434 3149 574 3214; x_wconf 86' lang='lat' dir='ltr'>inferre:</span> <span class='ocrx_word' id='word_1_222' title='bbox 598 3149 677 3214; x_wconf 88' lang='lat' dir='ltr'>inde</span> <span class='ocrx_word' id='word_1_223' title='bbox 696 3159 760 3226; x_wconf 89' lang='lat' dir='ltr'>est,</span> <span class='ocrx_word' id='word_1_224' title='bbox 780 3150 872 3234; x_wconf 90' lang='lat' dir='ltr'>quod</span> <span class='ocrx_word' id='word_1_225' title='bbox 891 3171 959 3214; x_wconf 92' lang='lat' dir='ltr'>non</span> <span class='ocrx_word' id='word_1_226' title='bbox 979 3151 1171 3216; x_wconf 88' lang='lat' dir='ltr'>sustineant</span> <span class='ocrx_word' id='word_1_227' title='bbox 1189 3150 1305 3214; x_wconf 86' lang='lat' dir='ltr'>videre</span> <span class='ocrx_word' id='word_1_228' title='bbox 1320 3151 1372 3213; x_wconf 89' lang='lat' dir='ltr'>in·</span> 
     </span>
     <span class='ocr_line' id='line_1_27' title="bbox 253 3241 1373 3328; baseline 0.004 -23"><span class='ocrx_word' id='word_1_229' title='bbox 253 3241 384 3322; x_wconf 84' lang='lat' dir='ltr'>santes3</span> <span class='ocrx_word' id='word_1_230' title='bbox 414 3254 453 3310; x_wconf 94' lang='lat' dir='ltr'>ut</span> <span class='ocrx_word' id='word_1_231' title='bbox 476 3244 620 3327; x_wconf 90' lang='lat' dir='ltr'>primum</span> <span class='ocrx_word' id='word_1_232' title='bbox 644 3245 775 3322; x_wconf 88' lang='lat' dir='ltr'>vident,</span> <span class='ocrx_word' id='word_1_233' title='bbox 798 3245 1028 3310; x_wconf 89' lang='lat' dir='ltr'>incenduntur</span> <span class='ocrx_word' id='word_1_234' title='bbox 1058 3245 1187 3310; x_wconf 89' lang='lat' dir='ltr'>crudeli</span> <span class='ocrx_word' id='word_1_235' title='bbox 1214 3245 1373 3328; x_wconf 91' lang='lat' dir='ltr'>cupidine</span> 
     </span>
     <span class='ocr_line' id='line_1_28' title="bbox 254 3339 1371 3425; baseline 0.003 -23"><span class='ocrx_word' id='word_1_236' title='bbox 254 3339 410 3404; x_wconf 83' lang='lat' dir='ltr'>nocendi.</span> <span class='ocrx_word' id='word_1_237' title='bbox 455 3339 512 3404; x_wconf 86' lang='lat' dir='ltr'>Ex</span> <span class='ocrx_word' id='word_1_238' title='bbox 535 3361 579 3404; x_wconf 90' lang='lat' dir='ltr'>eo</span> <span class='ocrx_word' id='word_1_239' title='bbox 600 3341 723 3423; x_wconf 86' lang='lat' dir='ltr'>patuit,</span> <span class='ocrx_word' id='word_1_240' title='bbox 743 3341 834 3424; x_wconf 92' lang='lat' dir='ltr'>quod</span> <span class='ocrx_word' id='word_1_241' title='bbox 856 3343 1029 3425; x_wconf 88' lang='lat' dir='ltr'>proprium</span> <span class='ocrx_word' id='word_1_242' title='bbox 1054 3341 1213 3416; x_wconf 88' lang='lat' dir='ltr'>hominis,</span> <span class='ocrx_word' id='word_1_243' title='bbox 1233 3351 1270 3406; x_wconf 90' lang='lat' dir='ltr'>et</span> <span class='ocrx_word' id='word_1_244' title='bbox 1291 3342 1371 3406; x_wconf 86' lang='lat' dir='ltr'>inde</span> 
     </span>
     <span class='ocr_line' id='line_1_29' title="bbox 253 3436 1371 3520; baseline 0.003 -23"><span class='ocrx_word' id='word_1_245' title='bbox 253 3451 350 3499; x_wconf 74' lang='lat' dir='ltr'>antor</span> <span class='ocrx_word' id='word_1_246' title='bbox 367 3436 430 3511; x_wconf 76' lang='lat' dir='ltr'>sui,</span> <span class='ocrx_word' id='word_1_247' title='bbox 449 3437 494 3500; x_wconf 85' lang='lat' dir='ltr'>sit</span> <span class='ocrx_word' id='word_1_248' title='bbox 513 3445 635 3500; x_wconf 84' lang='lat' dir='ltr'>contra</span> <span class='ocrx_word' id='word_1_249' title='bbox 656 3437 910 3516; x_wconf 65' lang='lat' dir='ltr'>innocentiam</span> <span class='ocrx_word' id='word_1_250' title='bbox 941 3457 1021 3501; x_wconf 86' lang='lat' dir='ltr'>nam</span> <span class='ocrx_word' id='word_1_251' title='bbox 1040 3455 1159 3502; x_wconf 80' lang='lat' dir='ltr'>omnes</span> <span class='ocrx_word' id='word_1_252' title='bbox 1182 3437 1239 3520; x_wconf 92' lang='lat' dir='ltr'>qui</span> <span class='ocrx_word' id='word_1_253' title='bbox 1262 3438 1297 3501; x_wconf 92' lang='lat' dir='ltr'>in</span> <span class='ocrx_word' id='word_1_254' title='bbox 1319 3437 1371 3500; x_wconf 91' lang='lat' dir='ltr'>in·</span> 
     </span>
     <span class='ocr_line' id='line_1_30' title="bbox 253 3528 1229 3615; baseline 0.005 -23"><span class='ocrx_word' id='word_1_255' title='bbox 253 3528 349 3594; x_wconf 84' lang='lat' dir='ltr'>semo</span> <span class='ocrx_word' id='word_1_256' title='bbox 366 3540 458 3608; x_wconf 85' lang='lat' dir='ltr'>sunt,</span> <span class='ocrx_word' id='word_1_257' title='bbox 478 3533 512 3596; x_wconf 90' lang='lat' dir='ltr'>in</span> <span class='ocrx_word' id='word_1_258' title='bbox 531 3533 669 3615; x_wconf 89' lang='lat' dir='ltr'>proprio</span> <span class='ocrx_word' id='word_1_259' title='bbox 687 3540 768 3596; x_wconf 88' lang='lat' dir='ltr'>sunt</span> <span class='ocrx_word' id='word_1_260' title='bbox 787 3542 823 3596; x_wconf 89' lang='lat' dir='ltr'>et</span> <span class='ocrx_word' id='word_1_261' title='bbox 842 3533 922 3596; x_wconf 88' lang='lat' dir='ltr'>inde</span> <span class='ocrx_word' id='word_1_262' title='bbox 940 3532 975 3596; x_wconf 90' lang='lat' dir='ltr'>in</span> <span class='ocrx_word' id='word_1_263' title='bbox 995 3551 1111 3597; x_wconf 84' lang='lat' dir='ltr'>amore</span> <span class='ocrx_word' id='word_1_264' title='bbox 1131 3530 1229 3597; x_wconf 61' lang='lat' dir='ltr'>suite&gt;</span> 
     </span>
    </p>
   </div>
   <div class='ocr_carea' id='block_1_5' title="bbox 644 3731 967 3785">
    <p class='ocr_par' dir='ltr' id='par_1_6' title="bbox 644 3731 967 3785">
     <span class='ocr_line' id='line_1_31' title="bbox 644 3731 967 3785; baseline 0.003 -12"><span class='ocrx_word' id='word_1_265' title='bbox 644 3731 684 3783; x_wconf 75' lang='lat' dir='ltr'>tn</span> <span class='ocrx_word' id='word_1_266' title='bbox 696 3741 793 3773; x_wconf 68' lang='lat' dir='ltr'>murs</span> <span class='ocrx_word' id='word_1_267' title='bbox 805 3733 967 3785; x_wconf 68' lang='lat' dir='ltr'>mmm)</span> 
     </span>
    </p>
   </div>
   <div class='ocr_carea' id='block_1_6' title="bbox 253 3829 1372 3972">
    <p class='ocr_par' dir='ltr' id='par_1_7' title="bbox 253 3829 1372 3972">
     <span class='ocr_line' id='line_1_32' title="bbox 307 3829 1372 3906; baseline 0.005 -20"><span class='ocrx_word' id='word_1_268' title='bbox 307 3831 359 3900; x_wconf 84' lang='lat' dir='ltr'>(m)</span> <span class='ocrx_word' id='word_1_269' title='bbox 379 3829 469 3904; x_wconf 76' lang='lat' dir='ltr'>Quod</span> <span class='ocrx_word' id='word_1_270' title='bbox 486 3831 628 3904; x_wconf 80' lang='lat' dir='ltr'>“agnus&#39;&#39;</span> <span class='ocrx_word' id='word_1_271' title='bbox 645 3833 675 3887; x_wconf 90' lang='lat' dir='ltr'>in</span> <span class='ocrx_word' id='word_1_272' title='bbox 691 3831 792 3888; x_wconf 87' lang='lat' dir='ltr'>Verbo</span> <span class='ocrx_word' id='word_1_273' title='bbox 806 3833 955 3906; x_wconf 78' lang='lat' dir='ltr'>significet</span> <span class='ocrx_word' id='word_1_274' title='bbox 970 3833 1174 3890; x_wconf 77' lang='lat' dir='ltr'>innocentiam</span> <span class='ocrx_word' id='word_1_275' title='bbox 1189 3845 1222 3890; x_wconf 87' lang='lat' dir='ltr'>et</span> <span class='ocrx_word' id='word_1_276' title='bbox 1235 3833 1302 3906; x_wconf 76' lang='lat' dir='ltr'>ejus</span> <span class='ocrx_word' id='word_1_277' title='bbox 1316 3835 1372 3891; x_wconf 89' lang='lat' dir='ltr'>bo-</span> 
     </span>
     <span class='ocr_line' id='line_1_33' title="bbox 253 3905 594 3972; baseline 0 -14"><span class='ocrx_word' id='word_1_278' title='bbox 253 3917 325 3958; x_wconf 71' lang='lat' dir='ltr'>non</span> <span class='ocrx_word' id='word_1_279' title='bbox 339 3905 380 3972; x_wconf 88' lang='lat' dir='ltr'>(n.</span> <span class='ocrx_word' id='word_1_280' title='bbox 394 3917 472 3972; x_wconf 77' lang='grc'><strong>3994,</strong></span> <span class='ocrx_word' id='word_1_281' title='bbox 488 3906 594 3972; x_wconf 75' lang='lat'>10132).</span> 
     </span>
    </p>
   </div>
   <div class='ocr_carea' id='block_1_7' title="bbox 251 4009 1371 4308">
    <p class='ocr_par' dir='ltr' id='par_1_8' title="bbox 251 4009 1371 4226">
     <span class='ocr_line' id='line_1_34' title="bbox 283 4009 1371 4084; baseline 0.006 -21"><span class='ocrx_word' id='word_1_282' title='bbox 283 4042 285 4050; x_wconf 68' lang='lat'>,</span> <span class='ocrx_word' id='word_1_283' title='bbox 305 4009 349 4080; x_wconf 69' lang='lat' dir='ltr'>pr)</span> <span class='ocrx_word' id='word_1_284' title='bbox 372 4009 461 4083; x_wconf 64' lang='lat' dir='ltr'>Quod</span> <span class='ocrx_word' id='word_1_285' title='bbox 475 4009 630 4080; x_wconf 85' lang='lat' dir='ltr'>proprium</span> <span class='ocrx_word' id='word_1_286' title='bbox 642 4009 773 4066; x_wconf 78' lang='lat' dir='ltr'>bominis</span> <span class='ocrx_word' id='word_1_287' title='bbox 785 4011 824 4066; x_wconf 80' lang='lat' dir='ltr'>ait</span> <span class='ocrx_word' id='word_1_288' title='bbox 839 4027 872 4068; x_wconf 84' lang='lat' dir='ltr'>se</span> <span class='ocrx_word' id='word_1_289' title='bbox 886 4027 985 4068; x_wconf 72' lang='lat' dir='ltr'>amm</span> <span class='ocrx_word' id='word_1_290' title='bbox 998 4027 1069 4084; x_wconf 82' lang='lat' dir='ltr'>prae</span> <span class='ocrx_word' id='word_1_291' title='bbox 1085 4011 1159 4074; x_wconf 82' lang='lat' dir='ltr'>Deo.</span> <span class='ocrx_word' id='word_1_292' title='bbox 1172 4021 1204 4068; x_wconf 85' lang='lat' dir='ltr'>et</span> <span class='ocrx_word' id='word_1_293' title='bbox 1223 4015 1371 4069; x_wconf 76' lang='lat' dir='ltr'>mundum</span> 
     </span>
     <span class='ocr_line' id='line_1_35' title="bbox 252 4079 1370 4156; baseline 0.004 -19"><span class='ocrx_word' id='word_1_294' title='bbox 252 4079 350 4152; x_wconf 74' lang='lat' dir='ltr'>¹¹³prae</span> <span class='ocrx_word' id='word_1_295' title='bbox 364 4081 456 4145; x_wconf 74' lang='lat' dir='ltr'>caelo,</span> <span class='ocrx_word' id='word_1_296' title='bbox 468 4091 500 4140; x_wconf 83' lang='lat' dir='ltr'>ct</span> <span class='ocrx_word' id='word_1_297' title='bbox 518 4081 604 4138; x_wconf 84' lang='lat' dir='ltr'>nihili</span> <span class='ocrx_word' id='word_1_298' title='bbox 619 4080 717 4138; x_wconf 82' lang='lat' dir='ltr'>iacere</span> <span class='ocrx_word' id='word_1_299' title='bbox 732 4083 902 4154; x_wconf 78' lang='lat' dir='ltr'>proximum</span> <span class='ocrx_word' id='word_1_300' title='bbox 918 4082 1082 4156; x_wconf 69' lang='lat' dir='ltr'>respettive</span> <span class='ocrx_word' id='word_1_301' title='bbox 1100 4085 1138 4142; x_wconf 83' lang='lat' dir='ltr'>ad</span> <span class='ocrx_word' id='word_1_302' title='bbox 1157 4099 1207 4148; x_wconf 82' lang='lat' dir='ltr'>se;</span> <span class='ocrx_word' id='word_1_303' title='bbox 1232 4085 1274 4140; x_wconf 82' lang='lat' dir='ltr'>ita</span> <span class='ocrx_word' id='word_1_304' title='bbox 1288 4087 1370 4156; x_wconf 82' lang='lat' dir='ltr'>quod</span> 
     </span>
     <span class='ocr_line' id='line_1_36' title="bbox 251 4151 999 4226; baseline 0.001 -16"><span class='ocrx_word' id='word_1_305' title='bbox 251 4153 291 4210; x_wconf 86' lang='lat' dir='ltr'>sit</span> <span class='ocrx_word' id='word_1_306' title='bbox 302 4168 386 4208; x_wconf 84' lang='lat' dir='ltr'>amor</span> <span class='ocrx_word' id='word_1_307' title='bbox 398 4151 443 4208; x_wconf 88' lang='lat' dir='ltr'>sui</span> <span class='ocrx_word' id='word_1_308' title='bbox 457 4162 488 4206; x_wconf 91' lang='lat' dir='ltr'>et</span> <span class='ocrx_word' id='word_1_309' title='bbox 497 4151 602 4207; x_wconf 90' lang='lat' dir='ltr'>mundi</span> <span class='ocrx_word' id='word_1_310' title='bbox 614 4152 654 4222; x_wconf 87' lang='lat' dir='ltr'>(n.</span> <span class='ocrx_word' id='word_1_311' title='bbox 667 4151 728 4222; x_wconf 81' lang='lat'>694,</span> <span class='ocrx_word' id='word_1_312' title='bbox 742 4165 802 4222; x_wconf 82' lang='lat'>731,</span> <span class='ocrx_word' id='word_1_313' title='bbox 814 4166 893 4223; x_wconf 84' lang='lat'>4317,</span> <span class='ocrx_word' id='word_1_314' title='bbox 909 4154 999 4226; x_wconf 82' lang='lat'>5660).</span> 
     </span>
    </p>

    <p class='ocr_par' dir='ltr' id='par_1_9' title="bbox 304 4219 1369 4308">
     <span class='ocr_line' id='line_1_37' title="bbox 304 4219 1369 4308; baseline 0.004 -30"><span class='ocrx_word' id='word_1_315' title='bbox 304 4219 394 4298; x_wconf 79' lang='lat' dir='ltr'>Quod</span> <span class='ocrx_word' id='word_1_316' title='bbox 407 4221 477 4278; x_wconf 86' lang='lat' dir='ltr'>mali</span> <span class='ocrx_word' id='word_1_317' title='bbox 491 4223 552 4278; x_wconf 85' lang='lat' dir='ltr'>sint</span> <span class='ocrx_word' id='word_1_318' title='bbox 564 4239 686 4308; x_wconf 85' lang='lat' dir='ltr'>prorsus</span> <span class='ocrx_word' id='word_1_319' title='bbox 698 4233 805 4280; x_wconf 85' lang='lat' dir='ltr'>contra</span> <span class='ocrx_word' id='word_1_320' title='bbox 817 4223 1029 4290; x_wconf 86' lang='lat' dir='ltr'>innocentiam,</span> <span class='ocrx_word' id='word_1_321' title='bbox 1042 4241 1138 4298; x_wconf 89' lang='lat' dir='ltr'>usque</span> <span class='ocrx_word' id='word_1_322' title='bbox 1152 4237 1186 4282; x_wconf 91' lang='lat' dir='ltr'>ut</span> <span class='ocrx_word' id='word_1_323' title='bbox 1202 4242 1263 4282; x_wconf 90' lang='lat' dir='ltr'>non</span> <span class='ocrx_word' id='word_1_324' title='bbox 1279 4223 1369 4282; x_wconf 81' lang='lat' dir='ltr'>autie-</span> 
     </span>
    </p>
   </div>
   <div class='ocr_carea' id='block_1_8' title="bbox 251 4295 768 4367">
    <p class='ocr_par' dir='ltr' id='par_1_10' title="bbox 251 4295 768 4367">
     <span class='ocr_line' id='line_1_38' title="bbox 251 4295 768 4367; baseline 0.004 -17"><span class='ocrx_word' id='word_1_325' title='bbox 251 4303 317 4350; x_wconf 76' lang='lat' dir='ltr'>rant</span> <span class='ocrx_word' id='word_1_326' title='bbox 330 4295 530 4367; x_wconf 65' lang='lat' dir='ltr'>pauentium</span> <span class='ocrx_word' id='word_1_327' title='bbox 542 4309 610 4366; x_wconf 68' lang='lat' dir='ltr'>epus</span> <span class='ocrx_word' id='word_1_328' title='bbox 622 4297 662 4363; x_wconf 83' lang='lat' dir='ltr'>(n.</span> <span class='ocrx_word' id='word_1_329' title='bbox 676 4295 768 4364; x_wconf 79' lang='lat'>2126).</span> 
     </span>
    </p>
   </div>
   <div class='ocr_carea' id='block_1_9' title="bbox 0 0 1696 5352">
    <p class='ocr_par' dir='ltr' id='par_1_11' title="bbox 0 0 1696 5352">
     <span class='ocr_line' id='line_1_39' title="bbox 0 0 1696 5352; baseline 0 0"><span class='ocrx_word' id='word_1_330' title='bbox 0 0 1696 5352; x_wconf 95' lang='lat' dir='ltr'> </span> 
     </span>
    </p>
   </div>
  </div>
 </body>
</html>
