3408 5358
400 620 452 672 DE
470 615 713 672 snemnrluus
730 615 780 668 ET
798 615 1037 670 Stuructuus
1056 617 1098 670 IN
1117 619 1252 672 CAELO.
1334 621 1398 691 209

272 789 348 854 finis
367 800 509 873 propter
526 806 653 872 quem;
677 797 714 852 et
733 803 810 852 eum
829 785 889 849 illa
908 786 1019 868 gloria
1037 797 1091 850 est
1112 785 1200 863 finis,
1222 797 1303 853 tunc
1323 791 1397 872 ipse

272 887 377 950 homo
396 907 432 948 se
455 881 590 966 spedtat
611 881 859 966 principaliter,
878 890 914 944 et
939 901 1031 956 vera,
1051 902 1137 964 quae
1162 903 1242 946 suae
1267 885 1398 964 gloriae

272 981 472 1056 inserviunt,
492 980 603 1044 solum
623 975 757 1060 spet'tat
777 987 814 1040 ut
833 976 946 1039 media
965 976 1008 1038 ad
1029 973 1142 1050 finem,
1163 996 1202 1040 ac
1229 987 1266 1039 ut
1290 982 1396 1043 servi·

272 1077 342 1154 tia;
376 1095 455 1140 nam
478 1077 534 1158 qui
557 1087 651 1138 amat
676 1073 800 1136 Divina
818 1087 900 1134 vera
923 1079 1063 1153 propter
1085 1070 1233 1152 gloriam
1258 1074 1319 1148 sui,
1339 1073 1397 1138 ille

271 1169 407 1252 sped’tat
425 1191 462 1232 se
480 1171 514 1232 in
534 1169 666 1232 Divinis
685 1169 786 1242 veris,
803 1177 840 1232 et
861 1185 930 1230 non
952 1164 1160 1244 Dominum
1185 1166 1276 1230 unde
1292 1169 1397 1232 vertit

271 1285 368 1328 suum
387 1266 506 1338 visum,
527 1266 583 1346 qui
601 1274 656 1330 est
674 1260 873 1330 intelledtus
892 1271 930 1326 et
954 1259 1043 1335 fidei,
1065 1282 1086 1324 a
1109 1261 1207 1324 caelo
1231 1262 1275 1324 ad
1298 1281 1396 1326 mun-

271 1358 363 1432 dum,
383 1367 420 1421 et
443 1379 464 1421 a
487 1357 635 1422 Domino
657 1361 702 1422 ad
731 1367 865 1422 semet:
900 1357 981 1420 inde
1006 1367 1070 1428 est,
1093 1356 1184 1438 quod
1211 1355 1330 1439 [tales]
1362 1358 1395 1422 in

271 1451 347 1516 luce
358 1453 476 1516 mundi
487 1453 569 1526 sint,
583 1463 618 1518 et
636 1473 703 1517 non
720 1456 754 1517 in
772 1455 846 1516 luce
859 1452 956 1516 caeli.
1006 1450 1051 1514 Hi
1068 1452 1102 1513 in
1118 1461 1263 1514 externa
1275 1451 1394 1528 forma,
1509 1459 1514 1468 '

271 1547 320 1609 ita
332 1567 447 1610 coram
463 1547 668 1622 hominibus,
682 1559 850 1630 apparent
866 1567 974 1631 aeque
987 1546 1229 1628 intelligentes
1242 1556 1278 1609 et
1291 1544 1394 1620 dom,

271 1641 359 1704 sicut
381 1640 431 1702 illi
454 1641 509 1723 qui
539 1642 573 1704 in
597 1640 671 1705 luce
695 1641 783 1705 caeli
809 1651 900 1717 sunt,
921 1661 967 1706 ex
991 1661 1093 1704 causa
1113 1641 1191 1722 quia
1211 1640 1395 1724 loquuntur

270 1734 438 1809 similiter,
464 1737 670 1818 quandoque
699 1735 733 1798 in
764 1745 913 1799 externa
940 1736 1054 1817 specie
1085 1737 1285 1816 sapientius,
1316 1737 1394 1818 quia

270 1829 417 1892 excitati
444 1830 488 1892 ab
510 1849 626 1894 amore
649 1831 711 1903 sui,
732 1849 772 1894 ac
802 1827 896 1893 dotti
923 1839 1003 1893 sunt
1033 1831 1171 1892 mentiri
1196 1827 1393 1895 affetiiones

270 1921 458 2001 caelestes;
490 1926 551 1987 sed
575 1945 682 2007 usque
711 1925 745 1986 in
768 1925 905 1988 interna
926 1924 1046 1997 forma,
1069 1925 1103 1988 in
1134 1945 1200 2006 qua
1223 1935 1392 2005 apparent

269 2035 386 2082 coram
402 2020 545 2100 angelis,
563 2039 702 2101 prorsus
721 2018 779 2082 alii
797 2029 888 2082 sunt.
932 2017 988 2082 Ex
1009 2018 1062 2081 his
1078 2017 1291 2100 aliquantum
1308 2038 1391 2082 con·

270 2121 363 2176 stare
382 2122 511 2194 potest,
532 2114 670 2196 quinam
693 2123 774 2178 sunt
795 2114 853 2196 qui
875 2112 1117 2193 intelliguntur
1140 2133 1201 2194 per
1225 2112 1387 2176 “intelli-

269 2205 424 2286 gentes,‘'
436 2209 491 2288 qui
511 2208 544 2270 in
561 2206 659 2270 caelo
671 2207 903 2289 splendebunt
920 2207 1008 2268 sicut
1025 2205 1210 2287 splendore
1223 2207 1389 2288 expansi:

269 2300 406 2381 quinam
434 2311 550 2364 autem
577 2310 669 2376 sunt,
694 2302 750 2383 qui
776 2299 1020 2382 intelliguntur
1050 2320 1110 2381 per
1135 2298 1389 2380 “justificantes

270 2393 427 2468 multos,”
446 2396 501 2478 qui
521 2395 752 2476 splendebunt
770 2395 860 2459 sicut
878 2393 1014 2466 stellae,
1032 2413 1122 2456 nune
1141 2392 1285 2456 dicetur.

332 2489 433 2571 348·
465 2489 528 2552 Per
548 2487 801 2569 “justificantes
824 2487 978 2552 multos”
995 2486 1237 2568 intelliguntur
1259 2486 1309 2550 illi
1331 2489 1387 2570 qui

269 2583 443 2664 sapientes
462 2592 562 2660 sunt;
591 2592 627 2646 et
649 2583 684 2644 in
703 2582 802 2646 caelo
819 2592 989 2645 vocantur
1006 2581 1055 2644 illi
1074 2581 1251 2662 sapientes
1273 2583 1329 2663 qui
1353 2583 1387 2644 in

268 2675 361 2739 bono
379 2686 479 2754 sunt;
503 2687 539 2741 et
558 2676 606 2742 illi
625 2677 671 2740 ibi
688 2677 723 2740 in
742 2676 834 2740 bono
852 2687 932 2740 sunt
952 2677 1008 2758 qui
1028 2676 1152 2738 Divina
1169 2695 1250 2738 vera
1267 2677 1386 2740 statim

268 2769 460 2836 immittunt
482 2772 517 2834 in
540 2772 673 2836 vitam:
703 2789 783 2834 nam
803 2770 963 2833 Divinum
986 2787 1102 2832 verum
1122 2787 1199 2832 cum
1227 2768 1266 2832 fit
1293 2770 1386 2833 vitae

269 2860 308 2926 fit
326 2863 464 2939 bonum,
484 2863 522 2930 fit
546 2866 638 2928 enim
653 2864 845 2928 voluntatis
867 2873 903 2928 et
926 2865 1064 2937 amoris,
1082 2872 1118 2926 et
1145 2863 1310 2946 quicquid
1330 2873 1385 2927 est

268 2955 457 3022 voluntatis
473 2968 509 3022 et
526 2960 662 3034 amoris,
673 2959 739 3022 hoc
755 2959 882 3022 bonum
898 2959 1041 3045 dicitur:
1064 2957 1100 3020 hi
1117 2957 1194 3020 ideo
1209 2959 1385 3039 sapientes

268 3061 445 3126 vocantur,
466 3071 546 3116 nam
568 3053 738 3135 sapientia
767 3063 821 3116 est
852 3053 954 3116 vitae.
1000 3050 1055 3114 illi
1082 3061 1199 3116 autem
1217 3061 1386 3116 vocantur

268 3143 516 3227 intelligentes,
534 3148 590 3229 qui
609 3146 735 3210 Divina
749 3167 832 3210 vera
847 3165 917 3210 non
934 3146 1053 3209 statim
1070 3145 1263 3210 immittunt
1278 3147 1382 3218 vitae,

268 3239 329 3300 sed
348 3239 492 3320 primum
512 3241 742 3315 memoriae,e
765 3261 831 3322 qua
849 3241 928 3304 dein
950 3237 1097 3321 [verum]
1118 3239 1330 3321 depromitur
1346 3250 1383 3304 et

268 3334 451 3397 mandatur
464 3336 566 3398 vitae.
612 3333 798 3416 Quomodo
813 3344 850 3398 et
865 3343 1032 3417 quantum
1047 3331 1097 3395 illi
1116 3341 1154 3398 et
1171 3332 1207 3397 hi
1225 3333 1382 3400 differunt

267 3426 300 3488 in
316 3427 430 3503 caelis,
444 3428 552 3492 videri
565 3437 682 3511 potest
698 3429 731 3491 in
748 3427 894 3491 articulo
906 3428 963 3491 ubi
973 3427 1087 3510 agitur
1100 3429 1143 3492 de
1159 3429 1292 3492 duobus
1304 3449 1382 3511 reg·

268 3523 319 3586 nis
334 3522 431 3596 caeli,
449 3523 592 3586 caelesti
611 3532 645 3586 et
660 3522 828 3604 spirituali
847 3519 895 3604 (n.
912 3520 1045 3604 20-28),
1062 3531 1099 3586 et
1114 3523 1149 3586 in
1165 3523 1314 3588 articulo
1328 3524 1383 3586 ubi

266 3617 380 3697 agitur
394 3617 438 3680 de
451 3617 560 3680 tribus
573 3616 676 3680 caelis
690 3614 738 3698 (n.
752 3615 883 3698 29—40).
928 3615 983 3680 Illi
996 3617 1052 3698 qui
1067 3617 1101 3680 in
1118 3616 1260 3680 caelesti
1274 3636 1383 3698 regno

267 3707 405 3772 Domini
421 3720 514 3784 sunt,
532 3710 672 3791 proinde
689 3711 746 3793 qui
762 3713 796 3774 in
813 3711 918 3774 tertio
930 3730 989 3774 seu
999 3711 1120 3774 intimo
1133 3711 1240 3784 caelo,
1255 3730 1383 3774 vocan-

266 3813 321 3866 tur
332 3803 426 3884 justi,
446 3825 491 3866 ex
516 3825 559 3866 eo
577 3805 668 3886 quod
688 3805 773 3868 nihil
787 3803 944 3886 justitiae
963 3805 1025 3868 sibi
1044 3805 1208 3880 tribuant,
1226 3807 1288 3870 sed
1307 3823 1382 3868 om·

266 3915 344 3959 nem
365 3897 537 3976 Domino;
557 3898 691 3980 justitia
710 3898 849 3962 Domini
866 3901 900 3962 in
916 3898 1016 3962 caelo
1031 3909 1085 3962 est
1105 3899 1233 3962 bonum
1252 3899 1343 3980 quod
1362 3919 1383 3962 a

266 3988 416 4054 Domino
429 3989 487 4068 3(ou
511 4013 615 4076 quare
627 3992 677 4056 illi
692 3990 746 4056 hic
763 3992 1008 4074 intelliguntur
1019 4011 1079 4072 per
1093 3991 1344 4074 “justificantes
1356 3991 1383 4072 ;”

315 4177 417 4251 Quare
435 4182 486 4250 qui
506 4181 536 4233 in
551 4181 615 4235 sola
631 4181 696 4236 luce
712 4179 817 4236 mundi
829 4147 910 4242 sunt.
927 4195 988 4237 non
1004 4179 1175 4252 percipiunt
1190 4179 1241 4235 illa
1255 4195 1333 4252 quae
1349 4181 1382 4236 in

265 4249 332 4305 luet
339 4247 415 4304 caeli
427 4261 499 4304 eunt
513 4255 555 4318 (n.
569 4249 659 4318 3108).

318 4317 410 4392 Quod
420 4319 584 4374 luxmundi
593 4321 708 4392 angelis
719 4322 760 4377 sit
775 4319 874 4393 caligo
887 4321 928 4390 (n.
941 4332 1016 4390 1521,
1030 4319 1105 4390 1783,
1118 4319 1207 4390 1880).

319 4427 384 4496 (uu)
458 4427 497 4482 od
513 4430 654 4484 meritum
671 4437 704 4484 et
719 4429 838 4499 justina
853 4425 978 4483 Domini
996 4427 1036 4482 sit
1051 4427 1164 4483 bonum
1179 4427 1261 4500 quod
1277 4441 1381 4500 regnat

267 4495 393 4553 incauo
419 4497 763 4629 unusquisqe.

318 4567 406 4640 Quod
419 4575 434 4596 ‘⁴
442 4569 540 4639 justus
558 4567 565 4588 ⁹
577 4578 609 4623 et
619 4577 634 4598 ¹¹
642 4579 714 4640 iusti
737 4567 845 4626 catus''
855 4569 894 4624 sit
906 4569 954 4624 cui
964 4569 1119 4624 addicatur
1130 4567 1267 4625 meritum
1278 4578 1309 4622 et
1322 4569 1381 4634 ius·
