3368 5356
253 599 269 639 l
358 655 620 720 UNUSQUISQUE
636 653 811 705 ANGELUS
827 653 895 704 EST
915 653 956 703 IN
973 651 1107 704 FORMA
1124 652 1302 704 nunnus.
1347 653 1388 722 45

270 827 341 893 lum
367 847 413 892 ex
443 835 623 891 crescente
647 823 870 889 multitudine
893 821 1076 907 perficitur,
1101 831 1200 907 patet
1223 832 1390 908 quantum

269 921 433 988 falluntur
454 910 582 1003 illi'qui
605 921 750 984 credunt
773 917 865 1002 quod
889 917 1023 984 caelum
1046 917 1225 984 claudatur
1248 940 1294 984 ex
1317 919 1390 1002 ple·

270 1017 445 1094 nitudine;
470 1034 547 1079 cum
562 1024 681 1080 tamen
697 1015 906 1080 contrarium
923 1023 988 1090 est,
1006 1014 1097 1097 quod
1114 1033 1279 1098 nusquam
1296 1014 1391 1078 clau-

270 1113 381 1188 datur,
406 1120 442 1174 et
471 1108 562 1193 quod
586 1109 766 1194 plenitudo
790 1107 897 1192 major
919 1119 955 1174 et
979 1107 1086 1190 major
1109 1107 1261 1192 perficiat
1285 1107 1389 1174 illud:

269 1215 479 1291 quapropter
494 1205 610 1287 angeli
627 1204 711 1268 nihil
728 1205 843 1288 potius
855 1205 1065 1280 desiderant,
1079 1223 1181 1287 quam
1198 1213 1236 1268 ut
1252 1204 1296 1268 ad
1312 1203 1391 1270 illos

271 1303 350 1369 novi
370 1302 528 1384 hospites
546 1300 664 1383 angeli
683 1301 835 1364 veniant.

332 1409 397 1480 72·
428 1395 530 1478 Quod
554 1396 764 1478 unaquaevis
786 1395 937 1460 societas
967 1395 1012 1458 sit
1041 1395 1075 1458 in
1106 1393 1220 1478 effigie
1242 1395 1390 1460 hominis

269 1511 346 1556 cum
366 1490 465 1554 simul
486 1500 523 1554 ut
541 1509 644 1554 unum
664 1497 818 1572 apparet,
839 1499 894 1554 est
914 1491 992 1572 quia
1011 1499 1124 1554 totum
1143 1490 1277 1553 caelum
1296 1490 1390 1554 illam

269 1585 417 1670 effigiem
432 1586 548 1660 habet,
563 1595 601 1650 ut
618 1587 651 1649 in
669 1584 900 1668 praecedente
916 1583 1061 1649 articulo
1077 1593 1257 1648 ostensum
1273 1586 1389 1650 videa·

269 1691 324 1746 tur
338 1703 346 1758 ;
370 1691 405 1745 et
421 1681 454 1744 in
471 1679 719 1764 perfectissima
731 1679 850 1755 forma,
864 1679 973 1764 qualis
990 1689 1044 1743 est
1060 1679 1169 1743 forma
1185 1677 1282 1756 caeli,
1297 1681 1389 1744 simi·

269 1775 380 1840 litudo
403 1785 457 1840 cst
480 1777 627 1860 partium
647 1794 724 1838 cum
748 1783 837 1850 toto,
861 1783 897 1838 et
922 1775 1089 1838 minorum
1113 1793 1191 1838 cum
1215 1776 1388 1852 maximo;

270 1871 400 1935 minora
418 1881 454 1935 et
474 1879 590 1954 partes
607 1869 692 1934 caeli
708 1879 789 1933 sunt
806 1871 994 1934 societates
1012 1890 1058 1933 ex
1078 1871 1200 1952 quibus
1216 1871 1388 1944 consistit.

268 1966 461 2050 quaequod
478 1967 582 2030 etiam
599 1967 668 2029 sint
685 1965 771 2028 caeli
788 1965 822 2028 in
838 1965 970 2030 minore
982 1965 1101 2040 forma,
1114 1966 1274 2030 videatur
1289 1985 1390 2048 supra

270 2061 318 2146 (n.
338 2061 466 2144 51-58).
512 2059 614 2142 Quod
631 2069 798 2144 perpetua
814 2060 895 2124 talis
911 2060 1099 2124 similitudo
1115 2061 1172 2136 sit,
1190 2070 1244 2125 est
1261 2061 1340 2142 quia
1354 2059 1389 2122 in

268 2155 373 2221 caelis
386 2156 537 2220 omnium
550 2156 642 2220 bona
658 2177 704 2220 ex
721 2176 788 2220 uno
801 2175 918 2219 amore
931 2165 1021 2231 sunt,
1034 2158 1084 2220 ita
1100 2177 1145 2218 ex
1162 2175 1229 2218 una
1244 2156 1388 2236 origine.

268 2250 368 2316 Unus
378 2271 474 2314 amor
490 2271 534 2314 ex
554 2271 621 2333 quo
637 2251 734 2332 origo
747 2251 900 2314 omnium
915 2250 1084 2314 bonorum
1101 2250 1157 2325 ibi,
1171 2259 1225 2313 est
1242 2267 1339 2313 amor
1353 2249 1388 2312 in

268 2345 454 2408 Dominum
477 2366 498 2408 a
523 2343 684 2409 Domino.
735 2343 821 2408 Inde
845 2353 911 2419 est,
935 2345 1027 2427 quod
1051 2352 1164 2408 totum
1187 2344 1320 2409 caelum
1344 2344 1389 2407 sit

267 2440 454 2504 similitudo
471 2439 581 2522 Ipsius
597 2441 631 2503 in
647 2439 830 2515 communi,
845 2439 1052 2522 unaquaevis
1065 2441 1215 2502 societas
1231 2441 1265 2503 in
1278 2441 1389 2504 minus

267 2535 450 2612 communi,
462 2545 498 2599 et
509 2536 737 2618 unusquisque
750 2533 895 2616 angelus
907 2535 940 2600 in
960 2535 1164 2617 particulari.
1196 2533 1390 2600 Videantur

268 2629 372 2695 etiam
391 2650 478 2714 quae
497 2650 598 2713 supra
619 2627 666 2714 (n.
689 2631 743 2712 58)
764 2629 807 2693 de
827 2629 892 2694 hac
912 2649 948 2694 re
967 2627 1169 2694 dictasunt.

641 2919 1018 2934 m

791 3141 868 3230 [x.]

268 3323 382 3409 Quot>
404 3341 499 3393 runs
522 3341 786 3406 unusqursous
810 3328 996 3394 Anneius
1018 3343 1078 3394 stu
1111 3343 1154 3396 ru
1189 3343 1387 3395 rsnrscrn

649 3423 790 3488 Fortun
815 3423 1001 3490 Huunnn.

329 3608 398 3679 73.
428 3596 468 3660 In
502 3597 589 3661 binis
616 3599 904 3681 praecedentibus
928 3599 1083 3664 articulis
1112 3609 1291 3664 ostensum
1320 3609 1385 3676 est,

266 3691 357 3774 quod
376 3691 509 3756 caelum
528 3694 561 3756 in
580 3703 659 3758 toto
678 3693 865 3777 complexu
881 3694 1005 3758 reserat
1025 3714 1128 3758 unum
1147 3694 1333 3770 hominem,
1351 3705 1387 3760 et

266 3786 358 3869 quod
376 3787 533 3852 similiter
549 3790 756 3872 unaquaevis
774 3791 923 3854 societas
942 3790 1109 3853 incaelo:
1134 3809 1180 3854 ex
1197 3809 1289 3852 nexu
1306 3810 1387 3853 cau-

266 3900 389 3956 sarum,
407 3903 494 3965 quae
513 3884 558 3946 ibi
581 3881 750 3949 adduciae
769 3894 861 3960 sunt,
878 3885 1032 3967 sequitur
1048 3885 1139 3967 quod
1159 3886 1387 3968 unusquisque

266 3975 410 4058 angelus
424 3979 551 4060 pariter
563 3979 699 4044 reserat.
744 3978 839 4044 Sicut
853 3979 986 4043 caelum
1000 3990 1053 4044 est
1067 3979 1172 4043 homo
1189 3981 1221 4043 in
1235 3981 1388 4043 maxima

266 4069 384 4146 sonna,
396 4081 431 4136 et
443 4074 593 4136 societas
604 4073 690 4138 caeli
700 4075 733 4138 in
744 4075 886 4149 minore,
899 4075 947 4138 ita
956 4073 1102 4156 angelus
1114 4083 1168 4138 est
1182 4076 1215 4137 in
1226 4076 1366 4138 minima
1379 4095 1387 4152 ;

268 4166 390 4229 namin
404 4165 649 4249 perledlissima
659 4169 777 4244 forma,
786 4169 895 4252 qualis
909 4179 962 4234 est
971 4170 1080 4233 forma
1090 4169 1186 4244 caeli,
1199 4170 1387 4234 similitudo

267 4259 375 4324 totius
393 4271 447 4326 est
471 4262 504 4325 in
524 4274 633 4346 parte,
653 4274 688 4328 et
706 4265 811 4347 partis
834 4266 868 4328 in
892 4273 992 4330 toto:
1024 4285 1126 4329 causa
1145 4266 1237 4348 quod
1260 4266 1309 4329 ita
1330 4266 1385 4341 sit,

266 4365 330 4430 est,
350 4356 428 4439 quia
450 4358 583 4423 caelum
606 4369 659 4424 est
683 4361 889 4436 communio,
910 4362 1143 4426 communicat
1162 4362 1253 4425 enirn
1272 4361 1387 4425 omnia

266 4469 327 4515 sua
342 4471 419 4517 cum
437 4455 636 4538 unoquovis,
650 4465 686 4520 et
703 4457 932 4540 unusquisque
948 4457 1069 4542 recipit
1085 4477 1130 4521 ex
1146 4455 1387 4520 communione

266 4544 326 4609 illa
343 4548 459 4614 omnia
474 4569 556 4629 sua;
579 4549 723 4633 angelus
739 4560 794 4615 est
813 4551 1080 4634 receptaculum,
1098 4561 1134 4616 et
1156 4550 1236 4616 inde
1252 4549 1387 4615 caelum

265 4641 299 4704 in
317 4643 455 4710 minima
470 4643 590 4722 forma,
604 4657 642 4714 ut
657 4667 791 4732 quoque
808 4647 841 4712 in
858 4669 920 4712 suo
935 4647 1082 4713 articulo
1095 4667 1196 4732 supra
1208 4657 1387 4713 ostensum
