3382 5358
309 646 465 698 esctun
482 645 530 694 er
547 642 748 694 russanum
764 639 862 694 suut
876 637 927 690 sx
943 636 1111 692 aunario
1126 636 1289 688 cenans.
1331 625 1387 705 183

273 818 352 882 talis
370 817 414 882 sit
434 825 472 881 ut
488 833 655 900 nusquum
673 811 800 896 aliquid
818 811 849 875 ei
867 807 1059 892 comparari
1075 814 1179 890 queat
1194 804 1308 888 quoad
1327 825 1390 868 ex·

196 961 199 968 .
274 912 483 987 cellentiam‚
500 911 661 994 quoniam
684 907 810 970 Divina
827 905 997 987 sapientia
1019 921 1088 966 non
1107 899 1218 964 solum
1237 900 1272 962 in
1296 899 1392 964 omni

274 1027 376 1072 sensu
394 1007 451 1082 ibi,
471 1007 532 1069 sed
554 1005 660 1070 etiam
683 1004 717 1068 in
740 1003 875 1086 singula
897 1021 996 1075 voce,
1016 997 1127 1074 latet;
1158 1005 1195 1060 et
1218 994 1310 1078 quod
1332 994 1392 1060 illa

274 1103 442 1182 sapientia
460 1101 595 1164 eluceat
618 1101 651 1162 in
670 1099 789 1162 caelo:
820 1097 1002 1162 voluerunt
1021 1095 1134 1160 dicere
1153 1091 1245 1174 quod
1268 1091 1312 1154 sit
1331 1089 1392 1156 lux

273 1196 371 1271 caeli,
391 1197 471 1278 quia
489 1205 544 1260 est
568 1195 729 1258 Divinum
748 1193 901 1273 Verum3
925 1211 1005 1258 nam
1026 1190 1188 1254 Divinum
1209 1187 1339 1252 Verum
1357 1187 1391 1250 in

274 1289 373 1354 caelo
403 1290 497 1356 lucet
528 1289 702 1374 (videatur
730 1309 843 1372 supra,
872 1307 904 1350 n.
939 1285 1024 1368 132).
1070 1284 1242 1348 Dixerunt
1273 1283 1390 1359 etiam,

273 1384 365 1467 quod
384 1386 513 1468 absque
536 1384 599 1449 tali
618 1383 738 1448 Verbo
756 1383 851 1446 nulla
868 1382 957 1446 foret
981 1380 1040 1444 lux
1060 1378 1148 1442 caeli
1167 1376 1257 1460 apud
1280 1377 1390 1440 homi·

273 1497 335 1542 nes
350 1490 491 1543 nostrae
506 1478 650 1555 telluris,
666 1479 716 1542 ita
731 1497 794 1542 nec
810 1471 1007 1558 conjunctio
1020 1473 1106 1538 caeli
1124 1491 1201 1538 cum
1217 1471 1294 1548 illis,
1312 1490 1392 1536 nam

274 1583 439 1656 quantum
458 1573 519 1638 lux
538 1573 624 1638 caeli
642 1573 742 1637 adest
760 1573 850 1656 apud
868 1571 1055 1644 hominem,
1074 1579 1211 1632 tantum
1229 1577 1284 1634 est
1306 1587 1391 1632 con·

270 1666 410 1749 junctio,
430 1677 467 1732 et
486 1687 621 1750 quoque
639 1677 776 1732 tantum
795 1675 849 1730 est
868 1667 899 1730 ei
914 1664 1082 1730 revelatio
1098 1663 1211 1726 Divini
1230 1661 1314 1726 Veri
1331 1682 1393 1744 per

273 1761 446 1827 Verbum:
477 1763 571 1845 quod
593 1761 699 1826 homo
721 1781 791 1825 non
814 1762 902 1826 sciat
924 1760 1016 1843 quod
1039 1756 1233 1841 conjunctio
1265 1756 1325 1822 illa
1346 1757 1392 1822 sit

273 1877 334 1939 per
348 1876 488 1920 sensum
503 1856 718 1939 spiritualem
730 1856 838 1922 Verbi
850 1857 1179 1939 correspondentiam
1191 1853 1305 1918 sensui
1320 1851 1392 1934 ejus

274 1951 431 2027 naturali,
452 1961 505 2016 est
529 1972 641 2027 causa,
662 1953 740 2034 quia
757 1951 862 2014 homo
880 1951 977 2032 hujus
995 1950 1128 2015 telluris
1147 1969 1216 2013 non
1240 1949 1306 2012 scit
1328 1947 1390 2010 ali·

273 2045 353 2128 quid
383 2044 428 2110 de
456 2045 624 2128 spirituali
646 2043 848 2126 angelorum
870 2045 1086 2126 cogitatione
1114 2051 1151 2108 et
1180 2041 1329 2125 loquela,
1353 2048 1391 2106 et

273 2141 365 2224 quod
377 2141 422 2204 sit
432 2141 567 2203 diversa
579 2159 599 2202 a
611 2139 758 2203 naturali
769 2139 945 2204 hominum
958 2139 1171 2221 cogitatione
1184 2148 1219 2202 et
1232 2135 1369 2218 loquela
1381 2155 1391 2214 ;

273 2245 310 2300 et
333 2235 397 2300 nisi
419 2234 453 2297 id
473 2234 559 2297 sciat
579 2233 671 2317 quod
691 2253 827 2316 prorsus
847 2254 916 2297 non
935 2235 1021 2300 scire
1040 2235 1150 2317 possit
1169 2233 1249 2318 quid
1268 2249 1390 2296 sensus

273 2329 438 2404 internus,
456 2337 492 2392 et
511 2328 591 2392 inde
609 2321 701 2412 quod
721 2327 892 2410 perillum
911 2328 991 2392 talis
1007 2324 1202 2411 conjunctio
1218 2327 1291 2390 dari
1309 2343 1390 2408 por·

273 2425 328 2488 sit.
373 2423 546 2488 Dixerunt
564 2423 680 2499 etiam,
701 2423 729 2486 si
748 2424 853 2488 homo
868 2425 972 2488 sciret
987 2425 1079 2508 quod
1098 2423 1178 2486 talis
1194 2441 1316 2486 sensus
1332 2421 1389 2495 sit,

273 2531 309 2582 et
339 2539 384 2582 ex
414 2518 527 2601 aliqua
549 2517 621 2599 ejus
643 2519 789 2582 scientia
811 2519 984 2600 cogitaret
1012 2537 1090 2582 cum
1113 2518 1200 2600 legit
1223 2516 1387 2590 Verbum,

274 2614 364 2698 quod
380 2614 513 2678 veniret
532 2614 566 2675 in
585 2613 790 2695 sapientiam
806 2614 1015 2688 interiorem,
1032 2623 1068 2677 et
1088 2612 1164 2696 plus
1180 2613 1289 2677 adhuc
1306 2631 1389 2676 con·

271 2706 471 2787 jungeretur
485 2705 594 2784 caelo,
613 2707 774 2791 quoniam
788 2725 849 2790 per
866 2707 901 2770 id
918 2707 953 2770 in
972 2705 1067 2771 ideas
1081 2705 1210 2772 similes
1224 2704 1390 2789 angelicis

274 2801 427 2868 intraret.
673 2795 679 2820 ⁸

705 3031 984 3051 ——r—-u-

739 3246 921 3332 [xxxv]

275 3448 388 3533 Quoo
415 3450 576 3518 Cautum
603 3465 652 3516 nr
679 3451 885 3518 turanum
910 3463 997 3519 srus
1023 3465 1075 3518 cx
1106 3449 1281 3520 Huunrro
1314 3449 1388 3518 Gr·

774 3559 889 3610 nans.

335 3741 427 3810 311.
457 3727 497 3792 ln
514 3725 710 3794 Christiano
723 3729 805 3792 orbe
820 3747 959 3811 prorsus
973 3728 1131 3804 nescitur,
1148 3738 1240 3811 quod
1255 3727 1390 3794 caelum

274 3832 309 3886 et
329 3820 495 3885 infernum
516 3823 584 3886 sint
601 3845 647 3887 ex
663 3821 814 3886 humano
835 3841 981 3904 genere:
1006 3822 1156 3886 creditur
1174 3824 1276 3898 enim,
1297 3825 1388 3908 quod

273 3915 389 3998 angeli
406 3915 531 3984 fuerint
550 3939 572 3982 a
589 3917 755 4001 principio
773 3917 890 3992 creati,
907 3927 943 3982 et
962 3917 1053 4001 quod
1071 3917 1151 3980 inde
1167 3917 1325 3998 caelum;
1348 3939 1389 3982 ac

274 4011 365 4092 quod
390 4009 557 4076 Diabolus
576 4033 635 4076 seu
654 4011 802 4076 Satanas
820 4013 919 4076 suerit
940 4011 1025 4076 lucis
1043 4011 1209 4094 angelus;
1232 4014 1294 4077 sed
1311 4014 1391 4096 quia

273 4103 411 4168 rebellis
433 4103 553 4183 fastus,
574 4126 651 4172 cum
674 4108 774 4172 turba
797 4129 858 4170 sua
880 4105 1033 4190 dejectus
1055 4109 1111 4182 sit,
1135 4115 1172 4172 et
1196 4109 1287 4189 quod
1309 4109 1390 4176 inde

274 4199 451 4265 infernum.
497 4199 599 4282 Quod
617 4201 694 4266 talis
713 4201 797 4268 fides
815 4195 849 4266 in
869 4201 1067 4268 Christiano
1086 4200 1168 4266 orbe
1187 4203 1243 4276 sit.
1262 4203 1388 4268 miran-

274 4303 328 4356 tur
350 4295 466 4377 angeli
485 4315 587 4380 quam
610 4298 783 4376 maxime;
814 4307 850 4362 et
873 4298 983 4362 adhuc
1008 4298 1118 4378 magis
1141 4296 1233 4378 quod
1250 4315 1388 4378 prorsus

274 4387 357 4450 nihil
376 4390 489 4454 sciant
507 4391 551 4454 de
569 4391 676 4468 caelo,
694 4412 771 4456 curn
790 4401 906 4458 tamen
925 4393 960 4456 id
979 4401 1033 4456 est
1053 4393 1247 4476 primarium
1263 4390 1388 4456 doctri·

274 4499 338 4544 nae
371 4483 405 4546 in
435 4483 600 4548 ecclesia:
632 4493 669 4548 et
697 4486 775 4567 quia
803 4486 884 4548 talis
907 4487 1100 4567 ignorantia
1126 4495 1262 4566 regnat,
1286 4487 1389 4550 corde

272 4575 383 4656 gavisi
412 4589 503 4654 sunt,
530 4579 621 4661 quod
654 4579 820 4662 placuerit
851 4581 1000 4644 Domino
1029 4601 1117 4644 nunc
1144 4580 1297 4645 revelare
1323 4580 1390 4643 illis
