3408 5358
318 641 431 694 HOMO
448 643 516 695 EST
532 641 623 696 POST
641 643 805 698 MORTEM
821 645 961 711 QUALIS
976 645 1061 713 EJUS
1078 647 1170 698 VITA
1186 647 1284 699 FUIT.
1330 649 1392 717 297

266 814 471 902 quodfacto
499 826 560 882 aut
582 836 688 900 opera
709 817 903 900 procedant
932 838 979 884 ex
1009 826 1173 902 utraque;
1206 839 1279 896 seu,
1298 819 1391 903 quod

265 913 356 978 idem
375 923 440 988 est,
459 913 551 996 quod
566 931 663 976 amor
677 912 781 978 saciat
797 913 983 990 bominem,
1000 933 1041 978 ac
1060 911 1146 978 fides
1162 914 1267 978 modo
1283 933 1390 999 quan·

265 1019 339 1072 tum
363 1009 522 1092 procedit
546 1029 591 1072 ex
614 1027 744 1085 amore,
767 1018 804 1074 et
826 1009 920 1092 quod
943 1006 1034 1072 iadis
1056 1029 1117 1074 seu
1140 1029 1246 1093 opera
1269 1029 1391 1092 proce-

264 1103 350 1166 dant
369 1123 416 1166 ex
441 1113 607 1186 utraque:
639 1103 719 1166 inde
737 1103 903 1186 sequitur,
923 1103 1015 1185 quod
1034 1103 1197 1168 voluntas
1215 1114 1275 1168 aut
1294 1123 1391 1170 amor

263 1197 308 1261 sit
325 1198 399 1280 ipse
418 1197 533 1273 homo,
551 1215 631 1260 nam
650 1216 738 1280 quae
757 1197 961 1279 procedunt,
978 1205 1058 1260 sunt
1077 1196 1166 1260 illius
1185 1217 1292 1281 aquo
1311 1217 1390 1280 pro·

263 1291 411 1370 cedunt;
437 1291 624 1374 procedere
644 1300 698 1356 est
717 1291 860 1374 produci
878 1307 918 1354 ac
938 1290 1015 1354 sisti
1037 1290 1071 1354 in
1094 1291 1204 1355 forma
1223 1293 1389 1356 conveni·

262 1395 345 1449 ente
375 1395 413 1473 ut
443 1385 696 1468 appercipiatur
724 1394 761 1448 et
791 1381 1004 1468 appareant-l
1057 1383 1115 1448 Ex
1144 1384 1197 1448 his
1227 1396 1389 1450 constare

263 1487 392 1560 potest,
407 1480 488 1562 quid
504 1478 588 1542 fides
600 1488 762 1560 separata
777 1479 821 1542 ab
836 1495 965 1552 amore,
983 1478 1074 1561 quod
1091 1497 1216 1562 nempe
1232 1481 1277 1544 sit
1295 1479 1391 1544 nulla

263 1571 358 1648 fides,
383 1573 444 1636 sed
474 1573 579 1636 modo
602 1573 758 1647 scientia,
779 1591 867 1654 quae
890 1571 1021 1635 nullam
1044 1572 1259 1654 spiritualem
1282 1574 1388 1638 vitam

261 1665 296 1730 in
312 1687 350 1730 se
366 1667 494 1745 nabet;
518 1666 677 1730 similiter
692 1665 773 1752 quid
789 1661 916 1729 iactum
933 1676 992 1731 sut
1009 1685 1096 1748 opus
1114 1666 1243 1748 absque
1258 1685 1387 1743 amore,

262 1761 354 1844 quod
374 1779 499 1844 nempe
518 1779 587 1824 non
611 1761 656 1825 sit
678 1757 806 1826 fabium
829 1779 889 1824 scu
912 1779 999 1842 opus
1016 1761 1121 1836 vitae,
1141 1761 1203 1824 sed
1226 1761 1318 1844 quod
1342 1762 1389 1826 sit

260 1853 387 1922 latium
404 1875 465 1921 seu
481 1875 567 1938 opus
584 1857 717 1931 mortis,
735 1857 788 1918 cui
804 1873 975 1937 apparens
991 1855 1084 1918 vitae
1100 1856 1192 1919 inest
1209 1875 1254 1918 ex
1271 1873 1389 1920 amore

262 1951 344 2015 mali
367 1961 404 2016 et
426 1971 472 2014 ex
491 1949 560 2014 fide
578 1949 676 2028 salsi;
700 1949 766 2013 hoc
786 1967 956 2031 apparens
974 1950 1067 2012 vitae
1086 1957 1150 2024 est,
1171 1949 1263 2032 quod
1282 1967 1387 2014 voca·

261 2055 316 2109 tur
336 2065 429 2108 mors
447 2042 644 2127 spiritualis.

323 2151 421 2223 473.
451 2137 609 2202 Ulterius
627 2136 805 2200 sciendum
823 2145 889 2211 est,
910 2136 1002 2218 quod
1021 2136 1055 2198 111
1079 2134 1177 2200 iactis
1195 2155 1256 2200 seu
1275 2137 1387 2218 operi·

260 2233 324 2295 bus
352 2234 495 2295 sistatur
518 2241 616 2295 totus
640 2230 756 2304 homo,
781 2239 817 2294 et
846 2230 937 2313 quod
960 2229 1123 2292 voluntas
1150 2239 1187 2293 et
1216 2231 1387 2312 cogitatio

260 2325 343 2407 ejus,
364 2345 424 2388 seu
447 2343 544 2388 amor
566 2333 603 2388 et
626 2322 711 2387 fides
729 2322 811 2404 ejus,
832 2343 919 2406 quae
939 2331 1019 2386 sunt
1043 2323 1207 2386 interiora
1225 2322 1385 2398 hominis,

260 2439 329 2483 non
349 2419 525 2502 completa
544 2419 624 2493 sint,
645 2418 839 2500 priusquam
863 2419 896 2480 in
915 2415 1015 2481 saetis
1035 2435 1094 2480 seu
1113 2417 1274 2499 operibus
1292 2427 1385 2490 sunt,

260 2535 347 2596 quae
370 2523 450 2576 sunt
473 2512 649 2576 exteriora
671 2510 841 2589 hominis;
873 2521 953 2574 sunt
977 2511 1068 2574 enim
1091 2509 1176 2573 haec
1201 2510 1322 2574 ultima
1351 2511 1385 2573 in

260 2608 381 2690 quibus
408 2606 468 2669 illa
495 2606 735 2680 terminantur,
756 2615 793 2668 et
822 2605 951 2688 absque
975 2603 1274 2668 terminationibus
1304 2613 1385 2667 sunt

259 2703 348 2764 sicut
371 2700 606 2784 interminata,
631 2717 719 2781 quae
743 2699 894 2762 nondum
918 2699 1088 2771 existunt,
1112 2698 1162 2760 ita
1187 2717 1274 2780 quae
1298 2715 1386 2760 non·

260 2795 341 2856 dum
365 2803 446 2858 sunt
474 2794 508 2856 in
536 2793 687 2856 homine.
733 2791 900 2873 Cogitate
929 2799 964 2854 et
992 2790 1083 2854 velle
1110 2791 1240 2873 absque
1259 2789 1385 2866 iacere,

259 2907 336 2950 cum
356 2895 484 2969 potest,
505 2895 585 2950 sunt
604 2885 693 2950 sicut
712 2885 907 2948 flammeum
927 2884 1095 2948 inclusum
1114 2885 1188 2948 vasi
1206 2884 1299 2968 quod
1321 2903 1385 2946 ex·

259 2981 466 3062 stinguitur;
502 2997 542 3043 ac
570 2980 659 3043 sicut
690 2997 809 3043 semen
832 2975 994 3059 injectum
1021 2997 1158 3052 arenae,
1188 2977 1280 3060 quod
1315 2995 1385 3041 non

259 3075 443 3150 excrescit,
457 3073 518 3136 sed
535 3091 613 3137 cum
626 3071 782 3154 prolifico
794 3091 857 3136 suo
872 3073 960 3154 perit
973 3091 981 3150 ;
1005 3081 1043 3136 at
1059 3072 1212 3152 cogitare
1228 3080 1265 3135 et
1280 3069 1383 3146 velle,

652 3316 698 3368 11ιιι
712 3325 810 3356 ΛΜ
822 3313 996 3368 ΜΝ]

314 3421 357 3490 (11)
383 3418 474 3492 Quod
489 3419 631 3474 uoluntas
650 3417 783 3472 hominis
797 3417 837 3472 sit
853 3417 950 3488 ipsum
968 3415 1040 3472 Esse
1054 3416 1136 3472 vitae
1150 3415 1238 3476 illius.
1254 3413 1326 3485 quia
1337 3423 1385 3470 est

259 3491 482 3561 receptaculum
495 3489 606 3544 amoris
618 3505 671 3544 seu
685 3488 765 3548 boni,
778 3497 809 3541 et
821 3487 903 3558 quod
917 3483 1086 3541 intellectus
1098 3486 1138 3542 sit
1154 3485 1290 3540 Existere
1303 3485 1384 3541 vitae

260 3562 338 3626 inde,
352 3562 423 3632 qula
435 3571 482 3616 est
495 3560 718 3630 receptaculum
732 3558 802 3612 ndei
816 3574 869 3613 seu
881 3558 944 3612 veri
956 3560 997 3626 (11.
1010 3557 1088 3627 3619,
1104 3569 1179 3626 5002,
1192 3557 1285 3626 9282).

259 3704 266 3718 .
314 3632 360 3688 lta
372 3633 454 3704 quod
466 3631 530 3686 rita
542 3629 709 3714 voluntatis
721 3630 761 3686 sit
772 3629 837 3684 vita
848 3628 1019 3699 principalis
1033 3627 1172 3690 hominis.
1183 3637 1214 3682 et
1227 3626 1308 3751 quod
1320 3626 1385 3682 vitu

258 3703 428 3759 mtelleetus
447 3703 593 3774 procedat
612 3701 682 3756 rude
699 3703 740 3771 (11.
755 3699 814 3770 585,
832 3712 891 3770 590,
908 3699 987 3769 3619,
1003 3711 1082 3768 7342,
1099 3699 1177 3768 8885,
1193 3713 1227 3768 92
1248 3695 1382 3764 2,10076,

261 3775 504 3902 ¹ongiiriiiiiiiirt
516 3845 567 3899 lux
580 3859 617 3899 ex
631 3843 700 3915 igne
713 3857 765 3926 eeu
778 3841 900 3896 flamma
913 3842 953 3910 (n.
966 3840 1046 3910 ⁶032.
1059 3840 1153 3924 15314)ζ

313 3917 387 3972 Inde
397 3917 534 3988 sequitur
542 3915 624 3988 quod
636 3915 729 3970 homo
738 3923 777 3968 srt
787 3912 880 3968 horno
889 3927 926 3967 ex
935 3913 1092 3967 voluntate
1104 3922 1136 3968 et
1146 3910 1216 3966 rnde
1229 3907 1383 3966 intellectu

259 3991 300 4056 (o.
354 4003 393 4049 11,
407 3987 487 4057 9069,
500 4000 578 4056 9071,
595 3985 688 4054 10076,
706 3984 923 4068 1010910110).
1098 4054 1103 4068 Ι

257 4051 1382 4186 multllltltltl,tltllttllllltlttlltltt‘ttlltl

257 4211 308 4284 tur
325 4201 458 4326 quivult
473 4201 549 4256 bene
565 4209 597 4255 et
612 4199 754 4270 intelligit
768 4199 855 4260 bene,
868 4213 903 4251 ac
922 4165 1057 4266 reiicitur
1071 4206 1102 4252 et
1117 4195 1314 4268 vilipenditur
1329 4193 1381 4265 qui

258 4271 401 4416 'ambigi
411 4273 607 4414 ffigrprzqrtr
620 4267 1093 4397 fflfflssii'a’fflffliiffl
1111 4336 1176 4409 ejus
1192 4335 1331 4391 voluntas
1349 4343 1381 4390 et

258 4413 329 4468 inde
342 4413 513 4470 intellectus
527 4417 568 4484 (11.
581 4414 660 4484 9069,
673 4425 752 4482 9071,
766 4409 845 4481 9386.
861 4423 907 4462 101
915 4411 968 4478 53).

275 4501 279 4508 ·
312 4485 444 4540 Proinde
454 4487 535 4556 quod
549 4485 642 4539 homo
653 4494 720 4554 post
730 4491 859 4536 mortem
873 4489 991 4534 maneat
1003 4479 1082 4534 sicut
1091 4479 1156 4550 ejus
1167 4493 1254 4533 amor
1264 4486 1297 4532 et
1310 4475 1381 4532 inde

256 4557 340 4620 tides,
354 4557 479 4628 ecquod
493 4571 571 4628 quac
583 4555 653 4610 fidei
667 4563 782 4609 suntet
795 4567 856 4607 11011
872 4551 961 4606 simul
974 4551 1093 4612 amoris,
1106 4559 1180 4605 tunc
1190 4556 1379 4611 evanescant.
1458 4611 1463 4622 ,

256 4629 328 4699 quia
340 4645 401 4684 non
415 4637 486 4684 sunt
500 4627 530 4681 in
544 4626 675 4688 homine,
690 4625 732 4680 ita
744 4639 805 4678 uon
820 4621 952 4678 hominis
965 4624 1006 4690 (n.
1021 4633 1079 4692 553.
1093 4620 1171 4691 2364,
1187 4619 1294 4690 10153).
