3408 5358
307 585 370 649 226
631 601 682 652 os
705 602 830 654 casto
854 603 903 654 ar
925 601 1107 656 mesano.

306 773 395 837 bene
424 771 524 850 vixit,
549 783 585 838 et
614 773 764 857 rejicitur
794 777 850 858 qui
881 777 981 842 male.
1026 777 1209 842 Praeterea
1238 787 1425 862 paupertas

305 889 413 952 aeque
429 869 562 934 seducit
578 879 614 935 et
630 871 798 936 abstrahit
815 872 989 936 hominem
1008 891 1029 937 a
1047 873 1156 950 eaelo,
1172 875 1262 939 sicut
1282 875 1424 956 opulcn-

306 965 365 1028 tia.
411 962 499 1030 Sunt
518 966 609 1030 inter
626 966 705 1030 illos
721 967 897 1051 perplures
912 970 969 1051 qui
985 989 1046 1032 sua
1064 977 1159 1032 sorte
1178 989 1247 1034 non
1266 971 1426 1034 contenti

305 1067 396 1136 sunt,
416 1061 473 1143 qui
496 1061 653 1127 ambiunt
676 1063 796 1139 multa,
821 1073 856 1128 ct
883 1063 1028 1128 eredunt
1054 1084 1139 1147 opes
1165 1061 1425 1130 benedictiones

304 1175 380 1219 esse
394 1151 438 1234 3⁹)
461 1167 671 1240 quapropter
689 1177 766 1222 cum
783 1157 861 1222 illas
880 1179 950 1222 non
968 1160 1147 1242 recipiunt,
1167 1161 1370 1236 irascuntur,
1388 1171 1424 1225 et

301 1256 344 1319 de
364 1257 580 1339 providentia
599 1255 723 1319 Divina
743 1256 832 1320 male
848 1257 1026 1338 cogitant;
1050 1259 1205 1322 invident
1221 1259 1328 1322 etiam
1346 1259 1422 1323 aliis

301 1371 362 1414 sua
376 1351 490 1428 bona;
514 1359 693 1432 praeterea
708 1353 813 1415 ctiam
829 1351 878 1414 illi
893 1371 1000 1434 aeque
1016 1352 1220 1417 defraudant
1239 1353 1324 1417 alios
1344 1373 1420 1417 cum

301 1446 404 1509 datur
422 1447 568 1521 occasio,
590 1455 625 1509 et
654 1465 788 1528 quoque
816 1466 924 1528 aeque
953 1449 986 1510 in
1016 1448 1162 1510 sordidis
1185 1448 1421 1531 voluptatibus

301 1543 430 1604 vivunt.
476 1539 592 1604 Aliter
607 1561 690 1604 vero
707 1560 873 1623 pauperes
890 1543 947 1624 qui
965 1561 1026 1606 sua
1044 1553 1139 1607 sorte
1155 1545 1311 1607 coutenti
1328 1555 1419 1621 sunt,

300 1637 334 1699 in
353 1657 415 1700 suo
434 1656 538 1718 opere
558 1635 667 1700 seduli
685 1647 722 1700 et
745 1637 943 1718 diligentes,
963 1657 1003 1701 ac
1028 1647 1146 1701 amant
1166 1638 1319 1702 laborem
1339 1659 1421 1721 prae

300 1732 382 1806 otio,
403 1741 439 1794 et
459 1732 591 1795 sincere
609 1741 645 1794 et
665 1730 812 1796 fideliter
831 1741 951 1813 agunt,
972 1741 1008 1796 et
1031 1731 1131 1794 simul
1150 1741 1232 1796 tunc
1252 1732 1419 1798 Christia-

300 1845 378 1890 nam
398 1827 505 1890 vitam
522 1829 653 1889 vivunt.
698 1825 894 1908 Aliquoties
914 1826 1049 1890 locutus
1072 1845 1147 1890 sum
1170 1845 1246 1890 cum
1270 1828 1339 1892 illis
1361 1831 1417 1912 qui

299 1943 344 1986 ex
364 1921 493 1986 rustica
510 1931 617 2003 gente
636 1930 672 1984 et
696 1941 742 1984 ex
765 1921 865 2002 plebe
888 1931 1000 1996 erant,
1021 1923 1077 2004 qui
1100 1923 1180 1984 dum
1200 1923 1418 1988 vixeruntein

299 2018 429 2079 mundo
447 2017 666 2080 crediderunt
685 2017 720 2078 in
741 2015 862 2090 Deum,
882 2035 922 2078 ac
938 2014 1067 2096 justum
1088 2025 1124 2079 et
1143 2013 1273 2080 redium
1296 2018 1330 2080 in
1349 2019 1419 2081 suis

298 2112 456 2193 operibus
485 2110 660 2174 lecerunt:
696 2109 745 2174 illi
776 2111 855 2192 quia
884 2119 983 2174 erant
1016 2111 1050 2173 in
1080 2108 1260 2175 affectione
1289 2114 1418 2176 sciendi

297 2223 424 2281 verum,
449 2206 661 2288 quaerebant
692 2205 772 2287 quid
803 2203 952 2268 charitas
984 2215 1021 2268 et
1054 2206 1134 2288 quid
1158 2204 1253 2281 fides,
1278 2209 1355 2290 quia
1383 2209 1417 2271 in

298 2301 426 2364 mundo
451 2300 563 2364 multa
592 2301 636 2364 de
667 2299 733 2363 hde
762 2301 977 2374 audiverunt,
998 2301 1031 2362 in
1061 2299 1174 2363 altera
1202 2303 1274 2364 vita
1300 2313 1417 2366 autem

297 2395 406 2458 multa
428 2396 472 2458 de
495 2395 686 2473 charitate;
710 2413 815 2477 quare
838 2394 904 2457 illis
923 2392 1052 2458 ditium
1071 2404 1136 2470 est,
1157 2397 1248 2476 quod
1267 2397 1417 2460 charitas

296 2491 340 2554 sit
360 2509 462 2554 omne
491 2491 525 2554 id
555 2489 646 2573 quod
669 2499 724 2552 est
746 2489 852 2562 vitae,
873 2498 909 2552 et
936 2487 1021 2552 fides
1050 2507 1153 2552 omne
1179 2489 1214 2552 id
1243 2492 1334 2572 quod
1362 2502 1417 2554 est

295 2581 491 2662 dodtrinae;
516 2585 658 2666 proinde
671 2583 761 2666 quod
778 2583 930 2646 charitas
946 2584 991 2646 sit
1003 2582 1094 2646 velle
1110 2593 1146 2646 et
1161 2582 1274 2648 lacere
1286 2583 1415 2666 justum

295 2691 331 2744 et
354 2677 483 2743 rectum
513 2681 548 2742 in
578 2679 671 2742 omni
704 2697 818 2760 opere,
844 2676 928 2741 fides
950 2687 1066 2740 autem
1090 2677 1245 2759 cogitare
1264 2678 1357 2759 juste
1380 2689 1416 2744 ct

294 2771 407 2853 redte3
431 2784 467 2838 et
486 2774 577 2857 quod
597 2773 681 2836 fides
700 2783 735 2836 et
760 2773 911 2836 charitas
930 2793 967 2836 se
986 2770 1201 2853 conjungant
1220 2774 1310 2838 sicut
1329 2775 1414 2838 doc·
1534 2817 1536 2820 -

294 2871 384 2933 trina
399 2879 435 2934 et
454 2871 527 2934 vita
543 2869 730 2932 secundum
747 2868 852 2944 illam,
870 2887 929 2931 seu
948 2869 1038 2931 m'cut
1052 2868 1222 2948 cogitatio
1237 2879 1274 2931 ct
1292 2869 1413 2933 volun·

294 2976 370 3043 tas;
398 2975 435 3028 et
458 2965 549 3046 quod
578 2963 663 3026 fides
692 2962 752 3026 fiat
782 2963 944 3038 charitas,
964 2962 1102 3046 quando
1132 2963 1166 3026 id
1196 2963 1289 3044 quod
1308 2963 1413 3028 homo

293 3061 382 3143 juste
398 3071 433 3124 et
449 3058 542 3124 redte
560 3061 705 3140 cogitat,
723 3060 829 3121 etiam
848 3059 932 3122 velit
948 3069 985 3122 et
1003 3058 1117 3134 saciat,
1135 3067 1264 3122 etcum
1280 3059 1346 3123 hoc
1362 3059 1412 3137 fit,

293 3157 384 3239 quod
401 3175 470 3218 non
486 3155 555 3217 duo
574 3155 642 3217 sint
661 3154 722 3216 sed
739 3171 852 3216 unum.
898 3153 976 3216 Hoc
993 3152 1243 3217 intellexerunt
1260 3153 1359 3230 bene,
1376 3163 1413 3218 et

292 3251 402 3332 gavisi
418 3258 510 3325 sunt,
524 3249 680 3313 dicentes
697 3249 788 3330 quod
805 3267 874 3311 non
890 3247 1211 3330 comprehenderint
1231 3249 1265 3311 in
1285 3249 1412 3313 mundo

293 3347 384 3429 quod
404 3345 544 3409 credere
563 3344 656 3407 aliud
675 3353 768 3407 esset
785 3361 886 3425 quam
905 3343 1029 3406 vivere.

354 3439 457 3522 365.
486 3437 544 3502 Ex
570 3437 624 3502 his
646 3449 807 3502 constare
831 3446 958 3520 potest,
978 3438 1070 3520 quod
1093 3437 1219 3501 divites
1240 3457 1348 3521 acque
1371 3457 1411 3503 ac

293 3553 458 3616 pauperes
474 3535 507 3597 in
523 3534 656 3598 caelum
672 3535 824 3607 veniant,
839 3543 874 3596 et
890 3542 963 3596 tam
978 3531 1076 3596 facilc
1093 3551 1297 3614 unusquam
1313 3533 1409 3597 alter.

292 3620 393 3710 Quod
413 3630 571 3692 credatur
590 3629 680 3712 quod
699 3647 865 3710 pauperes
884 3627 992 3702 facile,
1009 3647 1048 3690 ac
1072 3627 1198 3692 divites
1221 3645 1336 3708 aegre,
1356 3639 1410 3691 est

292 3725 371 3807 quia
388 3723 542 3788 Verbum
558 3743 631 3804 ¹non
649 3721 864 3786 intellettum
883 3731 947 3796 est,
969 3721 1024 3784 ubi
1047 3723 1267 3785 nominantur
1285 3721 1410 3785 divites

291 3827 327 3883 et
349 3837 525 3900 pauperes.
571 3819 634 3881 Per
653 3816 836 3881 “divites’'
854 3816 899 3879 ibi
923 3815 1164 3897 intelliguntur
1185 3817 1220 3878 in
1243 3815 1409 3897 spirituali

290 3933 393 3978 sensu
408 3913 457 3977 illi
475 3914 532 3996 qui
551 3913 729 3977 abundant
748 3911 1003 3993 cognitionibus
1021 3911 1103 3974 boni
1121 3919 1158 3974 et
1180 3911 1262 3986 veri,
1282 3911 1331 3974 ita
1353 3910 1409 3992 qui

291 4009 379 4073 intra
396 4007 578 4072 ecclesiam
597 4017 677 4071 sunt
696 4007 754 4070 ubi
775 4016 830 4070 est
849 4005 1026 4083 Verbum;
1050 4014 1086 4069 et
1106 4023 1167 4086 per
1186 4010 1385 4087 “pauperes
1393 4003 1409 4032 ''

676 4211 725 4266 tiu
736 4221 834 4260 mm
845 4210 1014 4264 umuli

344 4309 386 4378 (k)
407 4307 497 4392 Quod
509 4307 676 4378 dignitates
687 4314 720 4360 et
733 4319 808 4375 opes
822 4319 884 4360 non
896 4303 957 4358 sint
969 4303 1063 4358 reales
1075 4299 1317 4366 beneditlionesr
1335 4316 1408 4374 qua-

290 4397 344 4450 pro
366 4389 412 4435 ter
425 4379 493 4436 illae
504 4387 566 4435 tarn
580 4385 650 4431 sunt
663 4375 749 4430 malis
761 4390 850 4446 quam
864 4374 952 4429 bonis
966 4375 1006 4443 (n.
1020 4373 1098 4442 8939,
1115 4385 1207 4442 tows,
1225 4373 1331 4442 10776).

263 4449 270 4460 ’
392 4449 432 4504 od
448 4448 535 4504 realis
546 4445 717 4502 benedictio
732 4445 771 4500 sit
787 4445 918 4514 receptio
931 4443 1041 4499 amoris
1055 4454 1086 4498 et
1101 4442 1170 4498 fidei
1186 4461 1204 4498 a
1224 4442 1363 4505 Domino,
1375 4451 1408 4498 et

289 4537 342 4592 per
359 4521 389 4574 rd
411 4519 594 4644 conjunctio,
613 4533 682 4572 nam
705 4516 775 4571 inde
794 4515 923 4570 felicitas
942 4525 1065 4570 aeterna
1084 4517 1125 4579 (n.
1148 4513 1406 4580 1420,1422,2846,

288 4589 463 4662 3017·s⁴08[
490 4584 1406 4658 arctissoa³5¹4³530·³565·3584421⁶.498¹‚8939.mss)-
