3350 5366
297 630 360 696 314
622 621 674 673 DE
696 619 823 672 CAELO
843 620 891 672 ΕΤ
914 618 1095 672 lNFERNO.

295 803 375 860 runt
397 811 474 860 cum
498 793 668 876 proximo.
713 789 782 858 Sed
804 791 840 856 hi
869 797 906 854 et
928 789 980 856 illi
1002 787 1102 872 pauci
1124 795 1206 852 sunt
1229 783 1418 869 respective

294 889 338 953 ad
357 887 436 953 illos
452 889 508 972 qui
527 889 560 952 in
579 888 708 952 mundo
723 887 902 970 spirituum
918 894 1091 959 tenentur,
1109 902 1149 947 ac
1168 883 1215 948 ibi
1230 883 1417 948 secundum

295 985 449 1050 ordinem
461 982 623 1048 Divinum
636 991 883 1067 praeparantur
894 981 938 1047 ad
954 980 1099 1056 caelum,
1113 980 1168 1044 vel
1182 980 1226 1043 ad
1242 979 1416 1046 infernum.

357 1093 458 1161 492.
491 1077 594 1161 Quod
611 1081 755 1162 primum
771 1087 902 1144 statum
918 1077 1058 1151 attinet,
1073 1076 1128 1158 qui
1148 1083 1202 1140 est
1221 1083 1335 1140 status
1354 1095 1416 1140 ex·

293 1175 469 1249 teriorum,
489 1175 523 1238 in
543 1174 639 1238 illurn
656 1175 752 1241 venit
770 1173 876 1238 homo
892 1172 1014 1234 statim
1031 1179 1285 1251 postmortem.
1328 1167 1416 1237 Sunt

295 1269 401 1332 cuivis
416 1269 547 1332 homini
564 1269 676 1351 quoad
695 1269 852 1351 spiritum
870 1285 967 1330 suum
983 1266 1159 1330 exteriora
1177 1274 1214 1328 et
1232 1265 1416 1330 interiora:

294 1364 470 1427 exteriora
492 1363 631 1446 spiritus
650 1373 742 1437 sunt,
763 1383 824 1444 per
845 1380 932 1444 quae
951 1359 1010 1425 ille
1033 1359 1277 1424 accommodat
1294 1378 1416 1442 corpus

293 1450 440 1526 hominis
458 1459 493 1521 in
509 1458 649 1533 mundo,
666 1457 831 1540 imprimis
846 1455 917 1538 ejus
932 1456 1065 1530 faciem,
1083 1454 1266 1537 loquelam,
1284 1463 1320 1519 et
1337 1475 1416 1536 ges-

293 1564 361 1629 tus,
378 1554 422 1618 ad
441 1554 735 1617 consociationem
751 1572 829 1616 cum
844 1551 942 1630 aliis3
966 1551 1130 1614 interiora
1145 1559 1260 1616 autem
1277 1551 1417 1633 spiritus

294 1657 386 1726 sunt,
406 1669 493 1732 quae
522 1647 593 1730 ejus
617 1648 782 1730 propriae·
797 1646 988 1711 voluntatis
1017 1655 1054 1710 et
1083 1645 1164 1710 inde
1190 1646 1416 1726 cogitationis

294 1753 386 1820 sunt,
415 1763 503 1827 quae
532 1763 610 1806 raro
637 1743 735 1818 facie,
756 1741 906 1824 loquela,
934 1750 970 1804 et
1000 1751 1104 1822 gestu
1134 1741 1415 1820 manifestantur;

293 1840 460 1903 assuescit
472 1839 563 1902 enim
578 1838 684 1902 homo
700 1837 743 1901 ab
759 1837 902 1901 infantia
913 1837 1113 1911 amicitiam,
1124 1835 1414 1911 benevolentiam,

293 1945 330 1999 et
346 1935 580 1998 sinceritatem
596 1933 775 2016 praeferre,
793 1942 829 1996 et
846 1951 927 1995 suae
943 1932 1098 2014 propriae
1115 1929 1305 1995 voluntatis
1321 1932 1414 2014 cogi·

293 2039 370 2094 tata
388 2028 499 2093 celare
514 2050 523 2106 ;
547 2029 627 2092 inde
646 2049 692 2092 ex
711 2027 831 2094 habitu
847 2027 954 2090 trahit
968 2027 1077 2089 vitam
1093 2025 1260 2090 moralem
1279 2035 1315 2090 et
1332 2027 1414 2090 civi·

293 2125 361 2189 lem
380 2125 414 2188 in
433 2124 599 2198 externis,
617 2122 862 2206 qualiscunque
880 2123 925 2185 sit
945 2123 979 2186 in
998 2123 1152 2187 internis.
1198 2121 1256 2185 Ex
1274 2121 1335 2186 illo
1353 2122 1414 2185 ha-

292 2220 367 2284 bitu
383 2220 516 2295 existit,
534 2219 625 2301 quod
644 2218 749 2283 homo
768 2219 828 2281 vix
847 2219 935 2282 sciat
954 2237 1016 2280 sua
1033 2218 1207 2293 interiora,
1225 2228 1261 2282 et
1280 2237 1414 2301 quoque

293 2316 385 2398 quod
405 2334 474 2379 non
495 2313 751 2376 animadvertat
770 2313 814 2376 ad
833 2312 903 2378 illa.
1303 2327 1306 2338 ·

355 2423 459 2491 493.
488 2408 619 2472 Primus
638 2417 751 2472 status
771 2407 919 2471 hominis
942 2415 1022 2489 post
1045 2417 1194 2472 mortem
1217 2417 1272 2472 est
1295 2407 1414 2472 similis

293 2503 363 2585 ejus
382 2505 490 2566 statui
512 2504 546 2566 in
566 2503 706 2578 mundo,
727 2503 804 2584 quia
823 2512 905 2566 tunc
928 2503 963 2566 in
986 2504 1141 2566 externis
1160 2503 1319 2568 similiter
1337 2513 1413 2582 est;

293 2598 395 2662 simili
414 2599 519 2662 etiam
538 2598 624 2662 facie
643 2608 719 2676 est3
743 2597 845 2661 simili
864 2597 1012 2680 loquela,
1032 2607 1068 2662 et
1092 2599 1194 2662 simili
1216 2601 1343 2674 animo,
1364 2601 1414 2663 ita

292 2691 394 2755 simili
406 2693 479 2755 vita
491 2691 611 2754 morali
630 2701 666 2754 et
684 2690 786 2754 civili.
831 2691 916 2754 Inde
933 2702 998 2766 est,
1013 2692 1105 2774 quod
1124 2693 1247 2756 istunc
1265 2711 1334 2756 non
1351 2693 1412 2756 ali·

293 2795 346 2850 ter
364 2785 462 2858 sciat,
483 2804 584 2867 quam
602 2785 694 2867 quod
713 2784 825 2848 adhuc
848 2785 882 2847 in
902 2785 1030 2848 mundo
1047 2787 1104 2860 sit,
1123 2787 1152 2848 si
1174 2805 1243 2849 non
1261 2787 1413 2851 advertit

292 2879 336 2944 ad
359 2878 419 2942 illa
440 2899 527 2960 quae
550 2877 581 2940 ei
604 2879 706 2942 obvia
727 2888 820 2954 sunt,
839 2887 875 2942 et
894 2879 938 2942 ad
961 2878 1022 2942 illa
1043 2897 1131 2961 quae
1154 2881 1185 2942 ei
1205 2879 1251 2942 ab
1269 2880 1411 2962 angelis,

292 2990 369 3036 cum
396 2971 643 3046 exsuscitatus,
667 2969 760 3034 dieta
782 2981 874 3048 sunt,
898 2972 989 3053 quod
1016 2991 1105 3036 nunc
1133 2974 1271 3054 spiritus
1294 2975 1339 3038 sit
1364 2973 1411 3056 (n.

290 3063 381 3149 450).
422 3065 479 3128 Ita
497 3065 719 3130 continuatur
737 3084 805 3128 una
822 3065 947 3129 vitain
966 3065 1123 3141 alteram,
1139 3086 1180 3130 ac
1197 3085 1288 3130 mors
1307 3068 1412 3132 modo

291 3169 346 3224 est
363 3160 539 3224 transitus.

355 3268 459 3336 494.
490 3251 579 3335 Quia
596 3255 735 3336 spiritus
745 3254 894 3320 hominis
910 3275 1030 3320 recens
1047 3265 1126 3338 post
1139 3257 1246 3320 vitam
1263 3258 1296 3320 in
1312 3277 1410 3322 mun·

292 3349 337 3414 do
350 3349 431 3412 talis
447 3358 512 3424 est,
526 3349 605 3412 ideo
617 3359 699 3413 tunc
713 3351 935 3431 cognoscitur
947 3351 990 3414 ab
1003 3352 1130 3427 amicis,
1141 3361 1177 3416 et
1192 3353 1235 3416 ab
1248 3353 1314 3418 illis
1326 3374 1412 3436 quos

291 3445 327 3508 in
357 3443 486 3506 mundo
508 3453 613 3508 notos
637 3443 769 3518 habuit,
789 3445 823 3508 id
854 3446 944 3508 enim
968 3446 1107 3526 spiritus
1130 3447 1320 3530 percipiunt
1341 3469 1411 3514 non

292 3539 398 3602 modo
421 3557 442 3601 a
463 3537 548 3602 facie
571 3549 607 3604 et
631 3537 769 3621 loquela
791 3539 874 3622 ejus,
895 3541 955 3605 sed
979 3541 1084 3607 ctiam
1108 3563 1128 3605 a
1151 3543 1297 3624 sphaera
1320 3545 1411 3608 vitae

291 3632 362 3714 ejus
381 3651 458 3696 cum
477 3635 733 3714 approximant.
778 3634 1020 3718 Unusquisque
1043 3637 1077 3700 in
1096 3635 1207 3702 altera
1225 3639 1308 3714 vita,
1329 3640 1411 3704 dum

292 3728 426 3809 cogitat
445 3728 488 3790 de
506 3727 629 3804 altero,
649 3731 754 3794 etiam
774 3731 866 3794 sistit
885 3731 950 3794 sibi
968 3729 1039 3812 ejus
1054 3731 1175 3796 saciem
1195 3734 1228 3798 in
1248 3735 1411 3816 cogitati·

236 3881 239 3888 .
291 3843 368 3898 one,
386 3833 422 3888 et
441 3823 541 3888 simul
560 3823 657 3906 plura
673 3845 759 3907 quae
776 3825 847 3906 ejus
858 3827 952 3890 vitae
968 3836 1068 3905 sunt;
1092 3837 1219 3893 etcum
1235 3829 1301 3894 hoc
1317 3830 1409 3906 lacit,

291 3918 380 3982 alter
398 3917 436 3982 fit
459 3937 623 4000 praesens
642 3921 731 3984 sicut
750 3922 903 3986 adscitus
926 3931 963 3986 et
985 3931 1139 3986 vocatus.
1184 3923 1270 3988 Tale
1289 3927 1411 3993 existit

290 4015 323 4076 in
344 4013 472 4078 mundo
491 4015 659 4095 spirituali
683 4035 728 4078 ex
752 4035 805 4092 eo,
825 4017 917 4098 quod
936 4019 1233 4082 communicentur
1251 4019 1296 4084 ibi
1315 4025 1410 4104 cogi·

290 4109 452 4182 tationes,
470 4116 505 4171 et
523 4110 614 4190 quod
632 4111 677 4174 ibi
692 4113 805 4192 spatia
820 4131 889 4176 non
906 4113 974 4174 sint
990 4111 1103 4193 qualia
1119 4114 1153 4176 in
1165 4115 1294 4180 mundo
1310 4127 1411 4182 natu·

289 4202 351 4266 rali
375 4201 549 4284 (videatur
571 4223 682 4286 supra,
703 4225 735 4268 n.
759 4203 943 4287 191-199).·
974 4205 1059 4270 Inde
1082 4218 1147 4281 est,
1167 4211 1259 4291 quod
1278 4230 1410 4289 omnes,

289 4296 370 4360 dum
387 4298 532 4378 primum
548 4299 581 4362 in
599 4299 743 4364 alteram
760 4302 867 4366 vitam
883 4302 1036 4377 veniunt,
1055 4313 1286 4384 agnoscantur
1304 4325 1325 4369 a
1343 4308 1412 4371 suis

290 4391 418 4467 amicis,
439 4395 611 4474 cognatis,
632 4403 668 4458 et
698 4395 812 4478 aliquo
831 4396 936 4460 modo
966 4397 1068 4472 notis,
1093 4408 1129 4462 et
1158 4420 1293 4482 quoque
1319 4403 1410 4484 quod

290 4484 473 4566 loquantur
492 4488 580 4552 inter
600 4509 647 4562 se,
668 4509 707 4552 ac
728 4491 807 4556 dein
826 4492 1070 4556 consociantur
1089 4495 1275 4560 secundum
1293 4497 1410 4560 amici·

290 4581 356 4642 tias
379 4581 413 4644 in
437 4581 575 4648 mundo.
621 4582 749 4650 Audivi
769 4585 905 4668 pluries,
926 4586 1016 4669 quod
1040 4586 1100 4666 illi,
1120 4591 1178 4671 qui
1200 4601 1368 4656 venerunt
1391 4612 1410 4654 e
