<?xml version="1.0" encoding="UTF-8"?>
<!DOCTYPE html PUBLIC "-//W3C//DTD XHTML 1.0 Transitional//EN"
    "http://www.w3.org/TR/xhtml1/DTD/xhtml1-transitional.dtd">
<html xmlns="http://www.w3.org/1999/xhtml" xml:lang="en" lang="en">
 <head>
  <title>
</title>
<meta http-equiv="Content-Type" content="text/html;charset=utf-8" />
  <meta name='ocr-system' content='tesseract 3.04.00' />
  <meta name='ocr-capabilities' content='ocr_page ocr_carea ocr_par ocr_line ocrx_word'/>
</head>
<body>
  <div class='ocr_page' id='page_1' title='image "./decaeloetejusmi00swedgoog_0370.png"; bbox 0 0 3350 5366; ppageno 0'>
   <div class='ocr_carea' id='block_1_1' title="bbox 288 645 1402 727">
    <p class='ocr_par' dir='ltr' id='par_1_1' title="bbox 288 645 1402 727">
     <span class='ocr_line' id='line_1_1' title="bbox 288 645 1402 727; baseline -0.004 -16"><span class='ocrx_word' id='word_1_1' title='bbox 288 659 352 726; x_wconf 86' lang='lat' dir='ltr'>QUI</span> <span class='ocrx_word' id='word_1_2' title='bbox 365 658 406 709; x_wconf 87' lang='lat' dir='ltr'>IN</span> <span class='ocrx_word' id='word_1_3' title='bbox 419 656 766 720; x_wconf 60' lang='lat' dir='ltr'>manumittimus</span> <span class='ocrx_word' id='word_1_4' title='bbox 778 656 895 710; x_wconf 74' lang='lat' dir='ltr'>usus</span> <span class='ocrx_word' id='word_1_5' title='bbox 907 657 955 708; x_wconf 79' lang='lat' dir='ltr'>ET</span> <span class='ocrx_word' id='word_1_6' title='bbox 967 657 1062 710; x_wconf 84' lang='lat' dir='ltr'><strong>INDE</strong></span> <span class='ocrx_word' id='word_1_7' title='bbox 1073 657 1202 710; x_wconf 82' lang='lat' dir='ltr'>FALSIS</span> <span class='ocrx_word' id='word_1_8' title='bbox 1212 657 1321 710; x_wconf 86' lang='lat' dir='ltr'><strong>SUNT.</strong></span> <span class='ocrx_word' id='word_1_9' title='bbox 1343 645 1402 727; x_wconf 81' lang='lat'>363</span> 
     </span>
    </p>
   </div>
   <div class='ocr_carea' id='block_1_2' title="bbox 282 827 1405 1768">
    <p class='ocr_par' dir='ltr' id='par_1_2' title="bbox 282 827 1405 1768">
     <span class='ocr_line' id='line_1_2' title="bbox 349 827 1403 917; baseline -0.004 -19"><span class='ocrx_word' id='word_1_10' title='bbox 349 833 448 917; x_wconf 72' lang='lat'>562·</span> <span class='ocrx_word' id='word_1_11' title='bbox 479 828 573 894; x_wconf 88' lang='lat' dir='ltr'>Mala</span> <span class='ocrx_word' id='word_1_12' title='bbox 590 849 677 912; x_wconf 87' lang='lat' dir='ltr'>quae</span> <span class='ocrx_word' id='word_1_13' title='bbox 699 827 768 894; x_wconf 87' lang='lat' dir='ltr'>iilis</span> <span class='ocrx_word' id='word_1_14' title='bbox 790 837 870 894; x_wconf 88' lang='lat' dir='ltr'>sunt</span> <span class='ocrx_word' id='word_1_15' title='bbox 893 828 949 913; x_wconf 92' lang='lat' dir='ltr'>qui</span> <span class='ocrx_word' id='word_1_16' title='bbox 975 829 1009 894; x_wconf 91' lang='lat' dir='ltr'>in</span> <span class='ocrx_word' id='word_1_17' title='bbox 1032 849 1148 894; x_wconf 89' lang='lat' dir='ltr'>amore</span> <span class='ocrx_word' id='word_1_18' title='bbox 1178 829 1239 905; x_wconf 88' lang='lat' dir='ltr'>sui,</span> <span class='ocrx_word' id='word_1_19' title='bbox 1260 839 1340 894; x_wconf 86' lang='lat' dir='ltr'>sunt</span> <span class='ocrx_word' id='word_1_20' title='bbox 1369 831 1403 894; x_wconf 91' lang='lat' dir='ltr'>in</span> 
     </span>
     <span class='ocr_line' id='line_1_3' title="bbox 286 924 1405 1008; baseline 0 -18"><span class='ocrx_word' id='word_1_21' title='bbox 286 945 425 1008; x_wconf 82' lang='lat' dir='ltr'>genere,</span> <span class='ocrx_word' id='word_1_22' title='bbox 456 934 679 1008; x_wconf 88' lang='lat' dir='ltr'>contemptus</span> <span class='ocrx_word' id='word_1_23' title='bbox 710 924 865 1001; x_wconf 87' lang='lat' dir='ltr'>aliorum,</span> <span class='ocrx_word' id='word_1_24' title='bbox 899 925 1037 1002; x_wconf 86' lang='lat' dir='ltr'>invidia,</span> <span class='ocrx_word' id='word_1_25' title='bbox 1067 925 1246 990; x_wconf 86' lang='lat' dir='ltr'>inimicitia</span> <span class='ocrx_word' id='word_1_26' title='bbox 1281 935 1405 990; x_wconf 88' lang='lat' dir='ltr'>contra</span> 
     </span>
     <span class='ocr_line' id='line_1_4' title="bbox 285 1019 1402 1104; baseline -0.002 -16"><span class='ocrx_word' id='word_1_27' title='bbox 285 1041 404 1088; x_wconf 85' lang='lat' dir='ltr'>omnes</span> <span class='ocrx_word' id='word_1_28' title='bbox 422 1022 478 1104; x_wconf 93' lang='lat' dir='ltr'>qui</span> <span class='ocrx_word' id='word_1_29' title='bbox 495 1021 559 1086; x_wconf 82' lang='lat' dir='ltr'>sibi</span> <span class='ocrx_word' id='word_1_30' title='bbox 574 1041 644 1084; x_wconf 94' lang='lat' dir='ltr'>non</span> <span class='ocrx_word' id='word_1_31' title='bbox 660 1020 788 1096; x_wconf 80' lang='lat' dir='ltr'>lavent,</span> <span class='ocrx_word' id='word_1_32' title='bbox 805 1019 980 1086; x_wconf 77' lang='lat' dir='ltr'>hostilitas</span> <span class='ocrx_word' id='word_1_33' title='bbox 995 1021 1086 1096; x_wconf 89' lang='lat' dir='ltr'>inde,</span> <span class='ocrx_word' id='word_1_34' title='bbox 1103 1022 1182 1086; x_wconf 91' lang='lat' dir='ltr'>odia</span> <span class='ocrx_word' id='word_1_35' title='bbox 1198 1022 1281 1086; x_wconf 90' lang='lat' dir='ltr'>varii</span> <span class='ocrx_word' id='word_1_36' title='bbox 1297 1041 1402 1102; x_wconf 87' lang='lat' dir='ltr'>genc-</span> 
     </span>
     <span class='ocr_line' id='line_1_5' title="bbox 285 1114 1402 1194; baseline -0.002 -14"><span class='ocrx_word' id='word_1_37' title='bbox 285 1119 340 1192; x_wconf 88' lang='lat' dir='ltr'>ris,</span> <span class='ocrx_word' id='word_1_38' title='bbox 365 1114 547 1192; x_wconf 75' lang='lat' dir='ltr'>vindictae,</span> <span class='ocrx_word' id='word_1_39' title='bbox 572 1127 678 1191; x_wconf 89' lang='lat' dir='ltr'>astus,</span> <span class='ocrx_word' id='word_1_40' title='bbox 703 1116 785 1191; x_wconf 90' lang='lat' dir='ltr'>doli,</span> <span class='ocrx_word' id='word_1_41' title='bbox 808 1116 1098 1194; x_wconf 79' lang='lat' dir='ltr'>immisericordia,</span> <span class='ocrx_word' id='word_1_42' title='bbox 1123 1135 1163 1180; x_wconf 90' lang='lat' dir='ltr'>ac</span> <span class='ocrx_word' id='word_1_43' title='bbox 1197 1116 1402 1192; x_wconf 85' lang='lat' dir='ltr'>crudelitas;</span> 
     </span>
     <span class='ocr_line' id='line_1_6' title="bbox 284 1210 1401 1294; baseline -0.002 -18"><span class='ocrx_word' id='word_1_44' title='bbox 284 1223 320 1276; x_wconf 88' lang='lat' dir='ltr'>et</span> <span class='ocrx_word' id='word_1_45' title='bbox 343 1211 456 1294; x_wconf 85' lang='lat' dir='ltr'>quoad</span> <span class='ocrx_word' id='word_1_46' title='bbox 479 1211 651 1292; x_wconf 86' lang='lat' dir='ltr'>religiosa,</span> <span class='ocrx_word' id='word_1_47' title='bbox 671 1219 725 1276; x_wconf 89' lang='lat' dir='ltr'>est</span> <span class='ocrx_word' id='word_1_48' title='bbox 756 1230 824 1275; x_wconf 90' lang='lat' dir='ltr'>non</span> <span class='ocrx_word' id='word_1_49' title='bbox 844 1210 950 1274; x_wconf 89' lang='lat' dir='ltr'>modo</span> <span class='ocrx_word' id='word_1_50' title='bbox 968 1221 1192 1292; x_wconf 89' lang='lat' dir='ltr'>contemptus</span> <span class='ocrx_word' id='word_1_51' title='bbox 1215 1210 1341 1283; x_wconf 78' lang='lat' dir='ltr'>nivini,</span> <span class='ocrx_word' id='word_1_52' title='bbox 1361 1231 1401 1274; x_wconf 88' lang='lat' dir='ltr'>ac</span> 
     </span>
     <span class='ocr_line' id='line_1_7' title="bbox 284 1303 1404 1388; baseline -0.002 -18"><span class='ocrx_word' id='word_1_53' title='bbox 284 1306 485 1370; x_wconf 86' lang='lat' dir='ltr'>Divinorurn</span> <span class='ocrx_word' id='word_1_54' title='bbox 499 1325 585 1388; x_wconf 86' lang='lat' dir='ltr'>quae</span> <span class='ocrx_word' id='word_1_55' title='bbox 601 1313 681 1370; x_wconf 92' lang='lat' dir='ltr'>sunt</span> <span class='ocrx_word' id='word_1_56' title='bbox 697 1323 778 1370; x_wconf 87' lang='lat' dir='ltr'>vera</span> <span class='ocrx_word' id='word_1_57' title='bbox 794 1315 830 1369; x_wconf 91' lang='lat' dir='ltr'>et</span> <span class='ocrx_word' id='word_1_58' title='bbox 846 1306 938 1369; x_wconf 89' lang='lat' dir='ltr'>bona</span> <span class='ocrx_word' id='word_1_59' title='bbox 955 1303 1135 1381; x_wconf 84' lang='lat' dir='ltr'>ecclesiae,</span> <span class='ocrx_word' id='word_1_60' title='bbox 1152 1306 1213 1370; x_wconf 90' lang='lat' dir='ltr'>sed</span> <span class='ocrx_word' id='word_1_61' title='bbox 1229 1306 1336 1368; x_wconf 85' lang='lat' dir='ltr'>etiarn</span> <span class='ocrx_word' id='word_1_62' title='bbox 1355 1306 1404 1368; x_wconf 86' lang='lat' dir='ltr'>ira</span> 
     </span>
     <span class='ocr_line' id='line_1_8' title="bbox 283 1399 1402 1484; baseline -0.003 -19"><span class='ocrx_word' id='word_1_63' title='bbox 283 1412 407 1466; x_wconf 89' lang='lat' dir='ltr'>contra</span> <span class='ocrx_word' id='word_1_64' title='bbox 424 1401 507 1480; x_wconf 91' lang='lat' dir='ltr'>illa;</span> <span class='ocrx_word' id='word_1_65' title='bbox 531 1421 618 1483; x_wconf 90' lang='lat' dir='ltr'>quae</span> <span class='ocrx_word' id='word_1_66' title='bbox 637 1421 772 1484; x_wconf 89' lang='lat' dir='ltr'>quoque</span> <span class='ocrx_word' id='word_1_67' title='bbox 790 1403 937 1465; x_wconf 88' lang='lat' dir='ltr'>vertitur</span> <span class='ocrx_word' id='word_1_68' title='bbox 954 1401 988 1464; x_wconf 90' lang='lat' dir='ltr'>in</span> <span class='ocrx_word' id='word_1_69' title='bbox 1007 1401 1124 1464; x_wconf 87' lang='lat' dir='ltr'>odium</span> <span class='ocrx_word' id='word_1_70' title='bbox 1144 1419 1221 1465; x_wconf 88' lang='lat' dir='ltr'>cum</span> <span class='ocrx_word' id='word_1_71' title='bbox 1240 1399 1345 1464; x_wconf 90' lang='lat' dir='ltr'>homo</span> <span class='ocrx_word' id='word_1_72' title='bbox 1364 1399 1402 1463; x_wconf 84' lang='lat' dir='ltr'>lit</span> 
     </span>
     <span class='ocr_line' id='line_1_9' title="bbox 282 1493 1402 1576; baseline -0.002 -18"><span class='ocrx_word' id='word_1_73' title='bbox 282 1497 422 1576; x_wconf 89' lang='lat' dir='ltr'>spiritus</span> <span class='ocrx_word' id='word_1_74' title='bbox 439 1517 447 1574; x_wconf 87' lang='lat'>;</span> <span class='ocrx_word' id='word_1_75' title='bbox 470 1515 511 1560; x_wconf 88' lang='lat' dir='ltr'>ac</span> <span class='ocrx_word' id='word_1_76' title='bbox 531 1506 612 1560; x_wconf 90' lang='lat' dir='ltr'>tunc</span> <span class='ocrx_word' id='word_1_77' title='bbox 632 1515 703 1560; x_wconf 92' lang='lat' dir='ltr'>non</span> <span class='ocrx_word' id='word_1_78' title='bbox 722 1495 826 1560; x_wconf 90' lang='lat' dir='ltr'>modo</span> <span class='ocrx_word' id='word_1_79' title='bbox 849 1513 918 1560; x_wconf 93' lang='lat' dir='ltr'>non</span> <span class='ocrx_word' id='word_1_80' title='bbox 941 1496 1091 1560; x_wconf 87' lang='lat' dir='ltr'>sustinet</span> <span class='ocrx_word' id='word_1_81' title='bbox 1109 1495 1227 1560; x_wconf 87' lang='lat' dir='ltr'>audire</span> <span class='ocrx_word' id='word_1_82' title='bbox 1250 1493 1320 1570; x_wconf 85' lang='lat' dir='ltr'>illa,</span> <span class='ocrx_word' id='word_1_83' title='bbox 1341 1494 1402 1558; x_wconf 89' lang='lat' dir='ltr'>sed</span> 
     </span>
     <span class='ocr_line' id='line_1_10' title="bbox 282 1589 1402 1672; baseline -0.001 -18"><span class='ocrx_word' id='word_1_84' title='bbox 282 1591 387 1656; x_wconf 87' lang='lat' dir='ltr'>etiam</span> <span class='ocrx_word' id='word_1_85' title='bbox 403 1590 526 1672; x_wconf 88' lang='lat' dir='ltr'>flagrat</span> <span class='ocrx_word' id='word_1_86' title='bbox 543 1591 623 1654; x_wconf 89' lang='lat' dir='ltr'>odio</span> <span class='ocrx_word' id='word_1_87' title='bbox 637 1601 759 1654; x_wconf 87' lang='lat' dir='ltr'>contra</span> <span class='ocrx_word' id='word_1_88' title='bbox 771 1609 892 1654; x_wconf 88' lang='lat' dir='ltr'>omnes</span> <span class='ocrx_word' id='word_1_89' title='bbox 907 1591 964 1672; x_wconf 90' lang='lat' dir='ltr'>qui</span> <span class='ocrx_word' id='word_1_90' title='bbox 981 1589 1142 1658; x_wconf 84' lang='lat' dir='ltr'>Divinum</span> <span class='ocrx_word' id='word_1_91' title='bbox 1154 1598 1347 1672; x_wconf 88' lang='lat' dir='ltr'>agnoscunt</span> <span class='ocrx_word' id='word_1_92' title='bbox 1366 1599 1402 1653; x_wconf 90' lang='lat' dir='ltr'>et</span> 
     </span>
     <span class='ocr_line' id='line_1_11' title="bbox 282 1685 1401 1768; baseline -0.001 -20"><span class='ocrx_word' id='word_1_93' title='bbox 282 1685 411 1752; x_wconf 89' lang='lat' dir='ltr'>colunt.</span> <span class='ocrx_word' id='word_1_94' title='bbox 455 1685 610 1752; x_wconf 82' lang='lat' dir='ltr'>Locutus</span> <span class='ocrx_word' id='word_1_95' title='bbox 628 1704 703 1748; x_wconf 91' lang='lat' dir='ltr'>sum</span> <span class='ocrx_word' id='word_1_96' title='bbox 725 1703 803 1750; x_wconf 93' lang='lat' dir='ltr'>cum</span> <span class='ocrx_word' id='word_1_97' title='bbox 822 1685 973 1768; x_wconf 88' lang='lat' dir='ltr'>quodam</span> <span class='ocrx_word' id='word_1_98' title='bbox 995 1685 1052 1768; x_wconf 91' lang='lat' dir='ltr'>qui</span> <span class='ocrx_word' id='word_1_99' title='bbox 1075 1686 1109 1749; x_wconf 92' lang='lat' dir='ltr'>in</span> <span class='ocrx_word' id='word_1_100' title='bbox 1129 1685 1259 1748; x_wconf 91' lang='lat' dir='ltr'>mundo</span> <span class='ocrx_word' id='word_1_101' title='bbox 1278 1695 1401 1766; x_wconf 90' lang='lat' dir='ltr'>potens</span> 
     </span>
    </p>
   </div>
   <div class='ocr_carea' id='block_1_3' title="bbox 281 1779 1513 1862">
    <p class='ocr_par' dir='ltr' id='par_1_3' title="bbox 281 1779 1513 1862">
     <span class='ocr_line' id='line_1_12' title="bbox 281 1779 1513 1862; baseline 0 -19"><span class='ocrx_word' id='word_1_102' title='bbox 281 1780 400 1854; x_wconf 82' lang='lat' dir='ltr'>suerat,</span> <span class='ocrx_word' id='word_1_103' title='bbox 414 1789 450 1844; x_wconf 90' lang='lat' dir='ltr'>et</span> <span class='ocrx_word' id='word_1_104' title='bbox 466 1791 575 1844; x_wconf 87' lang='lat' dir='ltr'>semet</span> <span class='ocrx_word' id='word_1_105' title='bbox 591 1781 625 1844; x_wconf 91' lang='lat' dir='ltr'>in</span> <span class='ocrx_word' id='word_1_106' title='bbox 639 1781 802 1862; x_wconf 84' lang='lat' dir='ltr'>superiori</span> <span class='ocrx_word' id='word_1_107' title='bbox 815 1779 923 1861; x_wconf 87' lang='lat' dir='ltr'>gradu</span> <span class='ocrx_word' id='word_1_108' title='bbox 936 1789 1113 1844; x_wconf 85' lang='lat' dir='ltr'>amaverat</span> <span class='ocrx_word' id='word_1_109' title='bbox 1126 1801 1133 1858; x_wconf 89' lang='lat'><strong>;</strong></span> <span class='ocrx_word' id='word_1_110' title='bbox 1157 1781 1185 1844; x_wconf 90' lang='lat' dir='ltr'>is</span> <span class='ocrx_word' id='word_1_111' title='bbox 1201 1781 1311 1844; x_wconf 90' lang='lat' dir='ltr'>solum</span> <span class='ocrx_word' id='word_1_112' title='bbox 1324 1799 1402 1844; x_wconf 91' lang='lat' dir='ltr'>cum</span> <span class='ocrx_word' id='word_1_113' title='bbox 1509 1785 1513 1795; x_wconf 92' lang='lat'>&#39;</span> 
     </span>
    </p>
   </div>
   <div class='ocr_carea' id='block_1_4' title="bbox 215 1875 1402 4143">
    <p class='ocr_par' dir='ltr' id='par_1_4' title="bbox 215 1875 1402 4143">
     <span class='ocr_line' id='line_1_13' title="bbox 282 1875 1402 1956; baseline 0.002 -18"><span class='ocrx_word' id='word_1_114' title='bbox 282 1876 411 1938; x_wconf 89' lang='lat' dir='ltr'>audivit</span> <span class='ocrx_word' id='word_1_115' title='bbox 431 1876 599 1938; x_wconf 86' lang='lat' dir='ltr'>nominari</span> <span class='ocrx_word' id='word_1_116' title='bbox 617 1875 789 1950; x_wconf 88' lang='lat' dir='ltr'>Divinum,</span> <span class='ocrx_word' id='word_1_117' title='bbox 806 1894 845 1940; x_wconf 91' lang='lat' dir='ltr'>ac</span> <span class='ocrx_word' id='word_1_118' title='bbox 865 1875 1031 1956; x_wconf 88' lang='lat' dir='ltr'>imprimis</span> <span class='ocrx_word' id='word_1_119' title='bbox 1049 1895 1125 1940; x_wconf 88' lang='lat' dir='ltr'>cum</span> <span class='ocrx_word' id='word_1_120' title='bbox 1145 1876 1275 1940; x_wconf 88' lang='lat' dir='ltr'>audivit</span> <span class='ocrx_word' id='word_1_121' title='bbox 1292 1876 1402 1940; x_wconf 91' lang='lat' dir='ltr'>nomi·</span> 
     </span>
     <span class='ocr_line' id='line_1_14' title="bbox 282 1970 1401 2052; baseline 0 -18"><span class='ocrx_word' id='word_1_122' title='bbox 282 1971 353 2034; x_wconf 89' lang='lat' dir='ltr'>nari</span> <span class='ocrx_word' id='word_1_123' title='bbox 373 1971 568 2045; x_wconf 90' lang='lat' dir='ltr'>Dominum,</span> <span class='ocrx_word' id='word_1_124' title='bbox 586 1979 688 2034; x_wconf 90' lang='lat' dir='ltr'>tanto</span> <span class='ocrx_word' id='word_1_125' title='bbox 704 1971 854 2052; x_wconf 85' lang='lat' dir='ltr'>percitus</span> <span class='ocrx_word' id='word_1_126' title='bbox 870 1979 924 2033; x_wconf 89' lang='lat' dir='ltr'>est</span> <span class='ocrx_word' id='word_1_127' title='bbox 943 1971 1022 2034; x_wconf 90' lang='lat' dir='ltr'>odio</span> <span class='ocrx_word' id='word_1_128' title='bbox 1041 1991 1087 2034; x_wconf 84' lang='lat' dir='ltr'>ex</span> <span class='ocrx_word' id='word_1_129' title='bbox 1106 1971 1167 2046; x_wconf 91' lang='lat' dir='ltr'>ira,</span> <span class='ocrx_word' id='word_1_130' title='bbox 1184 1981 1221 2034; x_wconf 92' lang='lat' dir='ltr'>ut</span> <span class='ocrx_word' id='word_1_131' title='bbox 1239 1970 1401 2052; x_wconf 89' lang='lat' dir='ltr'>flagraret</span> 
     </span>
     <span class='ocr_line' id='line_1_15' title="bbox 215 2059 1402 2148; baseline 0 -20"><span class='ocrx_word' id='word_1_132' title='bbox 215 2059 218 2064; x_wconf 76' lang='grc'><strong>’</strong></span> <span class='ocrx_word' id='word_1_133' title='bbox 282 2085 402 2130; x_wconf 90' lang='lat' dir='ltr'>necem</span> <span class='ocrx_word' id='word_1_134' title='bbox 432 2065 513 2148; x_wconf 88' lang='lat' dir='ltr'>ejus.</span> <span class='ocrx_word' id='word_1_135' title='bbox 566 2065 601 2128; x_wconf 91' lang='lat' dir='ltr'>Is</span> <span class='ocrx_word' id='word_1_136' title='bbox 627 2085 772 2148; x_wconf 88' lang='lat' dir='ltr'>quoque,</span> <span class='ocrx_word' id='word_1_137' title='bbox 802 2083 880 2128; x_wconf 92' lang='lat' dir='ltr'>cum</span> <span class='ocrx_word' id='word_1_138' title='bbox 908 2065 1175 2130; x_wconf 78' lang='lat' dir='ltr'>remittebantur</span> <span class='ocrx_word' id='word_1_139' title='bbox 1203 2067 1298 2130; x_wconf 85' lang='lat' dir='ltr'>irena</span> <span class='ocrx_word' id='word_1_140' title='bbox 1330 2065 1402 2147; x_wconf 84' lang='lat' dir='ltr'>ejus</span> 
     </span>
     <span class='ocr_line' id='line_1_16' title="bbox 281 2159 1399 2241; baseline 0 -17"><span class='ocrx_word' id='word_1_141' title='bbox 281 2161 399 2233; x_wconf 86' lang='lat' dir='ltr'>amori,</span> <span class='ocrx_word' id='word_1_142' title='bbox 424 2161 552 2241; x_wconf 87' lang='lat' dir='ltr'>cupivit</span> <span class='ocrx_word' id='word_1_143' title='bbox 571 2161 644 2241; x_wconf 89' lang='lat' dir='ltr'>ipse</span> <span class='ocrx_word' id='word_1_144' title='bbox 668 2159 835 2223; x_wconf 90' lang='lat' dir='ltr'>Diabolus</span> <span class='ocrx_word' id='word_1_145' title='bbox 858 2180 945 2234; x_wconf 89' lang='lat' dir='ltr'>esse,</span> <span class='ocrx_word' id='word_1_146' title='bbox 970 2169 1008 2222; x_wconf 90' lang='lat' dir='ltr'>ut</span> <span class='ocrx_word' id='word_1_147' title='bbox 1031 2179 1077 2222; x_wconf 88' lang='lat' dir='ltr'>ex</span> <span class='ocrx_word' id='word_1_148' title='bbox 1099 2179 1217 2224; x_wconf 89' lang='lat' dir='ltr'>amore</span> <span class='ocrx_word' id='word_1_149' title='bbox 1239 2162 1292 2224; x_wconf 90' lang='lat' dir='ltr'>sui</span> <span class='ocrx_word' id='word_1_150' title='bbox 1316 2180 1399 2224; x_wconf 90' lang='lat' dir='ltr'>con·</span> 
     </span>
     <span class='ocr_line' id='line_1_17' title="bbox 282 2253 1399 2338; baseline 0.002 -21"><span class='ocrx_word' id='word_1_151' title='bbox 282 2255 376 2318; x_wconf 90' lang='lat' dir='ltr'>tinue</span> <span class='ocrx_word' id='word_1_152' title='bbox 392 2263 512 2336; x_wconf 87' lang='lat' dir='ltr'>posset</span> <span class='ocrx_word' id='word_1_153' title='bbox 528 2253 689 2318; x_wconf 78' lang='lat' dir='ltr'>infestare</span> <span class='ocrx_word' id='word_1_154' title='bbox 708 2255 853 2320; x_wconf 88' lang='lat' dir='ltr'>caelum.</span> <span class='ocrx_word' id='word_1_155' title='bbox 898 2253 976 2319; x_wconf 89' lang='lat' dir='ltr'>Hoc</span> <span class='ocrx_word' id='word_1_156' title='bbox 992 2255 1098 2319; x_wconf 91' lang='lat' dir='ltr'>etiam</span> <span class='ocrx_word' id='word_1_157' title='bbox 1115 2255 1255 2336; x_wconf 90' lang='lat' dir='ltr'>cupiunt</span> <span class='ocrx_word' id='word_1_158' title='bbox 1275 2255 1399 2338; x_wconf 89' lang='lat' dir='ltr'>plures,</span> 
     </span>
     <span class='ocr_line' id='line_1_18' title="bbox 283 2349 1401 2433; baseline 0.003 -21"><span class='ocrx_word' id='word_1_159' title='bbox 283 2351 340 2432; x_wconf 93' lang='lat' dir='ltr'>qui</span> <span class='ocrx_word' id='word_1_160' title='bbox 355 2370 400 2414; x_wconf 84' lang='lat' dir='ltr'>ex</span> <span class='ocrx_word' id='word_1_161' title='bbox 418 2350 597 2414; x_wconf 83' lang='lat' dir='ltr'>Pontificia</span> <span class='ocrx_word' id='word_1_162' title='bbox 612 2349 779 2430; x_wconf 90' lang='lat' dir='ltr'>religione</span> <span class='ocrx_word' id='word_1_163' title='bbox 795 2358 886 2424; x_wconf 93' lang='lat' dir='ltr'>sunt,</span> <span class='ocrx_word' id='word_1_164' title='bbox 900 2369 1004 2433; x_wconf 88' lang='lat' dir='ltr'>quum</span> <span class='ocrx_word' id='word_1_165' title='bbox 1019 2349 1054 2412; x_wconf 93' lang='lat' dir='ltr'>in</span> <span class='ocrx_word' id='word_1_166' title='bbox 1069 2349 1180 2414; x_wconf 84' lang='lat' dir='ltr'>altera</span> <span class='ocrx_word' id='word_1_167' title='bbox 1195 2352 1267 2414; x_wconf 90' lang='lat' dir='ltr'>vita</span> <span class='ocrx_word' id='word_1_168' title='bbox 1280 2370 1401 2433; x_wconf 88' lang='lat' dir='ltr'>apper-</span> 
     </span>
     <span class='ocr_line' id='line_1_19' title="bbox 282 2443 1342 2527; baseline 0 -19"><span class='ocrx_word' id='word_1_169' title='bbox 282 2445 411 2526; x_wconf 89' lang='lat' dir='ltr'>cipiunt</span> <span class='ocrx_word' id='word_1_170' title='bbox 429 2443 521 2527; x_wconf 90' lang='lat' dir='ltr'>quod</span> <span class='ocrx_word' id='word_1_171' title='bbox 541 2444 692 2510; x_wconf 90' lang='lat' dir='ltr'>Domino</span> <span class='ocrx_word' id='word_1_172' title='bbox 709 2445 821 2508; x_wconf 89' lang='lat' dir='ltr'>omnis</span> <span class='ocrx_word' id='word_1_173' title='bbox 840 2454 999 2526; x_wconf 87' lang='lat' dir='ltr'>potestas</span> <span class='ocrx_word' id='word_1_174' title='bbox 1016 2445 1073 2518; x_wconf 92' lang='lat' dir='ltr'>sit,</span> <span class='ocrx_word' id='word_1_175' title='bbox 1092 2465 1133 2508; x_wconf 86' lang='lat' dir='ltr'>ac</span> <span class='ocrx_word' id='word_1_176' title='bbox 1153 2445 1249 2508; x_wconf 89' lang='lat' dir='ltr'>nulla</span> <span class='ocrx_word' id='word_1_177' title='bbox 1266 2445 1342 2509; x_wconf 90' lang='lat' dir='ltr'>illis.</span> 
     </span>
     <span class='ocr_line' id='line_1_20' title="bbox 343 2538 1400 2628; baseline -0.003 -22"><span class='ocrx_word' id='word_1_178' title='bbox 343 2541 445 2620; x_wconf 73' lang='grc'>563.</span> <span class='ocrx_word' id='word_1_179' title='bbox 476 2538 704 2622; x_wconf 87' lang='lat' dir='ltr'>Apparebant</span> <span class='ocrx_word' id='word_1_180' title='bbox 728 2539 835 2622; x_wconf 89' lang='lat' dir='ltr'>aliqui</span> <span class='ocrx_word' id='word_1_181' title='bbox 856 2540 997 2621; x_wconf 87' lang='lat' dir='ltr'>spiritus</span> <span class='ocrx_word' id='word_1_182' title='bbox 1020 2538 1103 2602; x_wconf 91' lang='lat' dir='ltr'>mihi</span> <span class='ocrx_word' id='word_1_183' title='bbox 1132 2541 1166 2604; x_wconf 92' lang='lat' dir='ltr'>in</span> <span class='ocrx_word' id='word_1_184' title='bbox 1190 2539 1400 2628; x_wconf 80' lang='lat' dir='ltr'>occidentali</span> 
     </span>
     <span class='ocr_line' id='line_1_21' title="bbox 283 2634 1402 2718; baseline 0.001 -20"><span class='ocrx_word' id='word_1_185' title='bbox 283 2634 387 2717; x_wconf 82' lang='lat' dir='ltr'>plaga</span> <span class='ocrx_word' id='word_1_186' title='bbox 415 2655 534 2700; x_wconf 89' lang='lat' dir='ltr'>versus</span> <span class='ocrx_word' id='word_1_187' title='bbox 561 2635 832 2710; x_wconf 89' lang='lat' dir='ltr'>meridionalem,</span> <span class='ocrx_word' id='word_1_188' title='bbox 856 2636 913 2717; x_wconf 92' lang='lat' dir='ltr'>qui</span> <span class='ocrx_word' id='word_1_189' title='bbox 942 2635 1106 2700; x_wconf 85' lang='lat' dir='ltr'>dicebant</span> <span class='ocrx_word' id='word_1_190' title='bbox 1139 2655 1177 2700; x_wconf 86' lang='lat' dir='ltr'>se</span> <span class='ocrx_word' id='word_1_191' title='bbox 1208 2637 1242 2700; x_wconf 92' lang='lat' dir='ltr'>in</span> <span class='ocrx_word' id='word_1_192' title='bbox 1275 2655 1402 2718; x_wconf 87' lang='lat' dir='ltr'>magna</span> 
     </span>
     <span class='ocr_line' id='line_1_22' title="bbox 281 2730 1401 2812; baseline 0.001 -20"><span class='ocrx_word' id='word_1_193' title='bbox 281 2730 453 2812; x_wconf 84' lang='lat' dir='ltr'>dignitate</span> <span class='ocrx_word' id='word_1_194' title='bbox 470 2731 679 2794; x_wconf 89' lang='lat' dir='ltr'>constitutos</span> <span class='ocrx_word' id='word_1_195' title='bbox 694 2730 797 2794; x_wconf 86' lang='lat' dir='ltr'>luisse</span> <span class='ocrx_word' id='word_1_196' title='bbox 815 2731 848 2794; x_wconf 90' lang='lat' dir='ltr'>in</span> <span class='ocrx_word' id='word_1_197' title='bbox 868 2730 1008 2804; x_wconf 90' lang='lat' dir='ltr'>mundo,</span> <span class='ocrx_word' id='word_1_198' title='bbox 1027 2740 1064 2795; x_wconf 93' lang='lat' dir='ltr'>et</span> <span class='ocrx_word' id='word_1_199' title='bbox 1082 2731 1172 2812; x_wconf 89' lang='lat' dir='ltr'>quod</span> <span class='ocrx_word' id='word_1_200' title='bbox 1189 2739 1401 2794; x_wconf 87' lang='lat' dir='ltr'>mererentur</span> 
     </span>
     <span class='ocr_line' id='line_1_23' title="bbox 282 2823 1401 2908; baseline 0.001 -21"><span class='ocrx_word' id='word_1_201' title='bbox 282 2825 441 2906; x_wconf 78' lang='lat' dir='ltr'>praeferri</span> <span class='ocrx_word' id='word_1_202' title='bbox 460 2824 535 2888; x_wconf 90' lang='lat' dir='ltr'>aliis</span> <span class='ocrx_word' id='word_1_203' title='bbox 558 2845 598 2888; x_wconf 90' lang='lat' dir='ltr'>ac</span> <span class='ocrx_word' id='word_1_204' title='bbox 621 2824 689 2889; x_wconf 89' lang='lat' dir='ltr'>illis</span> <span class='ocrx_word' id='word_1_205' title='bbox 708 2825 885 2908; x_wconf 86' lang='lat' dir='ltr'>imperare.</span> <span class='ocrx_word' id='word_1_206' title='bbox 931 2823 986 2888; x_wconf 92' lang='lat' dir='ltr'>Illi</span> <span class='ocrx_word' id='word_1_207' title='bbox 1003 2824 1178 2907; x_wconf 87' lang='lat' dir='ltr'>explorati</span> <span class='ocrx_word' id='word_1_208' title='bbox 1200 2825 1244 2888; x_wconf 88' lang='lat' dir='ltr'>ab</span> <span class='ocrx_word' id='word_1_209' title='bbox 1267 2825 1401 2906; x_wconf 84' lang='lat' dir='ltr'>angelis</span> 
     </span>
     <span class='ocr_line' id='line_1_24' title="bbox 281 2919 1400 3002; baseline 0.002 -20"><span class='ocrx_word' id='word_1_210' title='bbox 281 2919 402 3001; x_wconf 89' lang='lat' dir='ltr'>quales</span> <span class='ocrx_word' id='word_1_211' title='bbox 419 2920 511 2984; x_wconf 90' lang='lat' dir='ltr'>intus</span> <span class='ocrx_word' id='word_1_212' title='bbox 530 2931 668 3000; x_wconf 77' lang='lat' dir='ltr'>essent3</span> <span class='ocrx_word' id='word_1_213' title='bbox 701 2929 738 2984; x_wconf 91' lang='lat' dir='ltr'>et</span> <span class='ocrx_word' id='word_1_214' title='bbox 761 2919 930 3002; x_wconf 88' lang='lat' dir='ltr'>comperti</span> <span class='ocrx_word' id='word_1_215' title='bbox 948 2920 1040 3002; x_wconf 90' lang='lat' dir='ltr'>quod</span> <span class='ocrx_word' id='word_1_216' title='bbox 1068 2920 1101 2983; x_wconf 91' lang='lat' dir='ltr'>in</span> <span class='ocrx_word' id='word_1_217' title='bbox 1125 2921 1248 2984; x_wconf 89' lang='lat' dir='ltr'>muniis</span> <span class='ocrx_word' id='word_1_218' title='bbox 1271 2922 1341 2984; x_wconf 87' lang='lat' dir='ltr'>suis</span> <span class='ocrx_word' id='word_1_219' title='bbox 1366 2921 1400 2984; x_wconf 89' lang='lat' dir='ltr'>in</span> 
     </span>
     <span class='ocr_line' id='line_1_25' title="bbox 281 3013 1399 3098; baseline 0.002 -20"><span class='ocrx_word' id='word_1_220' title='bbox 281 3015 410 3079; x_wconf 90' lang='lat' dir='ltr'>mundo</span> <span class='ocrx_word' id='word_1_221' title='bbox 433 3035 502 3079; x_wconf 92' lang='lat' dir='ltr'>non</span> <span class='ocrx_word' id='word_1_222' title='bbox 529 3013 761 3098; x_wconf 72' lang='lat' dir='ltr'>spedlaverint</span> <span class='ocrx_word' id='word_1_223' title='bbox 790 3015 834 3080; x_wconf 93' lang='lat' dir='ltr'>ad</span> <span class='ocrx_word' id='word_1_224' title='bbox 864 3035 954 3090; x_wconf 88' lang='lat' dir='ltr'>usus,</span> <span class='ocrx_word' id='word_1_225' title='bbox 978 3015 1039 3079; x_wconf 89' lang='lat' dir='ltr'>sed</span> <span class='ocrx_word' id='word_1_226' title='bbox 1065 3015 1109 3078; x_wconf 91' lang='lat' dir='ltr'>ad</span> <span class='ocrx_word' id='word_1_227' title='bbox 1139 3024 1261 3090; x_wconf 88' lang='lat' dir='ltr'>semet,</span> <span class='ocrx_word' id='word_1_228' title='bbox 1286 3025 1322 3080; x_wconf 92' lang='lat' dir='ltr'>et</span> <span class='ocrx_word' id='word_1_229' title='bbox 1351 3019 1399 3080; x_wconf 88' lang='lat' dir='ltr'>sic</span> 
     </span>
     <span class='ocr_line' id='line_1_26' title="bbox 281 3110 1399 3192; baseline 0.002 -20"><span class='ocrx_word' id='word_1_230' title='bbox 281 3110 373 3192; x_wconf 90' lang='lat' dir='ltr'>quod</span> <span class='ocrx_word' id='word_1_231' title='bbox 403 3131 440 3174; x_wconf 92' lang='lat' dir='ltr'>se</span> <span class='ocrx_word' id='word_1_232' title='bbox 470 3111 585 3176; x_wconf 90' lang='lat' dir='ltr'>usibus</span> <span class='ocrx_word' id='word_1_233' title='bbox 605 3111 852 3192; x_wconf 86' lang='lat' dir='ltr'>praetulerint;</span> <span class='ocrx_word' id='word_1_234' title='bbox 885 3129 1002 3174; x_wconf 88' lang='lat' dir='ltr'>verum</span> <span class='ocrx_word' id='word_1_235' title='bbox 1031 3110 1109 3192; x_wconf 90' lang='lat' dir='ltr'>quia</span> <span class='ocrx_word' id='word_1_236' title='bbox 1136 3111 1334 3174; x_wconf 89' lang='lat' dir='ltr'>ambiebant</span> <span class='ocrx_word' id='word_1_237' title='bbox 1363 3121 1399 3174; x_wconf 90' lang='lat' dir='ltr'>et</span> 
     </span>
     <span class='ocr_line' id='line_1_27' title="bbox 280 3204 1398 3288; baseline 0.004 -22"><span class='ocrx_word' id='word_1_238' title='bbox 280 3204 434 3286; x_wconf 90' lang='lat' dir='ltr'>impense</span> <span class='ocrx_word' id='word_1_239' title='bbox 453 3204 659 3287; x_wconf 87' lang='lat' dir='ltr'>flagitabant</span> <span class='ocrx_word' id='word_1_240' title='bbox 678 3205 815 3288; x_wconf 84' lang='lat' dir='ltr'>praefici</span> <span class='ocrx_word' id='word_1_241' title='bbox 839 3205 924 3280; x_wconf 90' lang='lat' dir='ltr'>aliis,</span> <span class='ocrx_word' id='word_1_242' title='bbox 944 3205 1051 3270; x_wconf 89' lang='lat' dir='ltr'>etiam</span> <span class='ocrx_word' id='word_1_243' title='bbox 1069 3205 1190 3268; x_wconf 88' lang='lat' dir='ltr'>datum</span> <span class='ocrx_word' id='word_1_244' title='bbox 1212 3215 1267 3269; x_wconf 90' lang='lat' dir='ltr'>est</span> <span class='ocrx_word' id='word_1_245' title='bbox 1291 3207 1398 3270; x_wconf 89' lang='lat' dir='ltr'>inter-</span> 
     </span>
     <span class='ocr_line' id='line_1_28' title="bbox 280 3301 1399 3384; baseline 0 -20"><span class='ocrx_word' id='word_1_246' title='bbox 280 3321 356 3366; x_wconf 87' lang='lat' dir='ltr'>esse</span> <span class='ocrx_word' id='word_1_247' title='bbox 371 3301 439 3364; x_wconf 91' lang='lat' dir='ltr'>illis</span> <span class='ocrx_word' id='word_1_248' title='bbox 458 3302 515 3384; x_wconf 91' lang='lat' dir='ltr'>qui</span> <span class='ocrx_word' id='word_1_249' title='bbox 530 3301 778 3366; x_wconf 86' lang='lat' dir='ltr'>consultabant</span> <span class='ocrx_word' id='word_1_250' title='bbox 794 3301 837 3364; x_wconf 90' lang='lat' dir='ltr'>de</span> <span class='ocrx_word' id='word_1_251' title='bbox 856 3301 958 3364; x_wconf 89' lang='lat' dir='ltr'>rebus</span> <span class='ocrx_word' id='word_1_252' title='bbox 974 3301 1139 3382; x_wconf 84' lang='lat' dir='ltr'>dignioris</span> <span class='ocrx_word' id='word_1_253' title='bbox 1156 3301 1289 3381; x_wconf 85' lang='lat' dir='ltr'>negotii</span> <span class='ocrx_word' id='word_1_254' title='bbox 1305 3321 1312 3378; x_wconf 91' lang='grc'><strong>;</strong></span> <span class='ocrx_word' id='word_1_255' title='bbox 1337 3302 1399 3366; x_wconf 90' lang='lat' dir='ltr'>sed</span> 
     </span>
     <span class='ocr_line' id='line_1_29' title="bbox 281 3395 1399 3479; baseline -0.001 -19"><span class='ocrx_word' id='word_1_256' title='bbox 281 3405 481 3478; x_wconf 89' lang='lat' dir='ltr'>perceptum</span> <span class='ocrx_word' id='word_1_257' title='bbox 505 3406 570 3470; x_wconf 88' lang='lat' dir='ltr'>est,</span> <span class='ocrx_word' id='word_1_258' title='bbox 590 3397 682 3479; x_wconf 91' lang='lat' dir='ltr'>quod</span> <span class='ocrx_word' id='word_1_259' title='bbox 706 3395 791 3460; x_wconf 91' lang='lat' dir='ltr'>nihil</span> <span class='ocrx_word' id='word_1_260' title='bbox 813 3395 859 3458; x_wconf 87' lang='lat' dir='ltr'>ad</span> <span class='ocrx_word' id='word_1_261' title='bbox 882 3396 1035 3476; x_wconf 89' lang='lat' dir='ltr'>negotia,</span> <span class='ocrx_word' id='word_1_262' title='bbox 1059 3396 1102 3458; x_wconf 88' lang='lat' dir='ltr'>de</span> <span class='ocrx_word' id='word_1_263' title='bbox 1125 3396 1246 3478; x_wconf 87' lang='lat' dir='ltr'>quibus</span> <span class='ocrx_word' id='word_1_264' title='bbox 1269 3397 1399 3477; x_wconf 88' lang='lat' dir='ltr'>ageba-</span> 
     </span>
     <span class='ocr_line' id='line_1_30' title="bbox 280 3490 1400 3572; baseline 0 -18"><span class='ocrx_word' id='word_1_265' title='bbox 280 3501 346 3565; x_wconf 90' lang='lat' dir='ltr'>tur,</span> <span class='ocrx_word' id='word_1_266' title='bbox 367 3501 509 3572; x_wconf 88' lang='lat' dir='ltr'>possent</span> <span class='ocrx_word' id='word_1_267' title='bbox 528 3491 719 3566; x_wconf 90' lang='lat' dir='ltr'>attendere,</span> <span class='ocrx_word' id='word_1_268' title='bbox 739 3499 775 3556; x_wconf 91' lang='lat' dir='ltr'>et</span> <span class='ocrx_word' id='word_1_269' title='bbox 806 3509 874 3554; x_wconf 91' lang='lat' dir='ltr'>non</span> <span class='ocrx_word' id='word_1_270' title='bbox 896 3490 1013 3554; x_wconf 88' lang='lat' dir='ltr'>videre</span> <span class='ocrx_word' id='word_1_271' title='bbox 1042 3511 1097 3554; x_wconf 89' lang='lat' dir='ltr'>res</span> <span class='ocrx_word' id='word_1_272' title='bbox 1116 3491 1208 3554; x_wconf 88' lang='lat' dir='ltr'>intus</span> <span class='ocrx_word' id='word_1_273' title='bbox 1233 3490 1267 3553; x_wconf 93' lang='lat' dir='ltr'>in</span> <span class='ocrx_word' id='word_1_274' title='bbox 1295 3511 1343 3566; x_wconf 89' lang='lat' dir='ltr'>se,</span> <span class='ocrx_word' id='word_1_275' title='bbox 1364 3499 1400 3554; x_wconf 89' lang='lat' dir='ltr'>et</span> 
     </span>
     <span class='ocr_line' id='line_1_31' title="bbox 281 3585 1399 3668; baseline 0.001 -20"><span class='ocrx_word' id='word_1_276' title='bbox 281 3586 372 3667; x_wconf 89' lang='lat' dir='ltr'>quod</span> <span class='ocrx_word' id='word_1_277' title='bbox 393 3586 500 3650; x_wconf 90' lang='lat' dir='ltr'>locuti</span> <span class='ocrx_word' id='word_1_278' title='bbox 519 3588 589 3650; x_wconf 91' lang='lat' dir='ltr'>sint</span> <span class='ocrx_word' id='word_1_279' title='bbox 608 3605 676 3650; x_wconf 92' lang='lat' dir='ltr'>non</span> <span class='ocrx_word' id='word_1_280' title='bbox 700 3606 746 3649; x_wconf 86' lang='lat' dir='ltr'>ex</span> <span class='ocrx_word' id='word_1_281' title='bbox 769 3605 831 3648; x_wconf 89' lang='lat' dir='ltr'>usu</span> <span class='ocrx_word' id='word_1_282' title='bbox 854 3585 912 3659; x_wconf 89' lang='lat' dir='ltr'>rei,</span> <span class='ocrx_word' id='word_1_283' title='bbox 932 3585 994 3649; x_wconf 88' lang='lat' dir='ltr'>sed</span> <span class='ocrx_word' id='word_1_284' title='bbox 1016 3606 1062 3650; x_wconf 88' lang='lat' dir='ltr'>ex</span> <span class='ocrx_word' id='word_1_285' title='bbox 1086 3586 1234 3668; x_wconf 88' lang='lat' dir='ltr'>proprio,</span> <span class='ocrx_word' id='word_1_286' title='bbox 1254 3595 1290 3648; x_wconf 91' lang='lat' dir='ltr'>et</span> <span class='ocrx_word' id='word_1_287' title='bbox 1314 3607 1399 3668; x_wconf 88' lang='lat' dir='ltr'>quo·</span> 
     </span>
     <span class='ocr_line' id='line_1_32' title="bbox 279 3679 1398 3762; baseline 0.002 -20"><span class='ocrx_word' id='word_1_288' title='bbox 279 3698 344 3762; x_wconf 92' lang='lat' dir='ltr'>que</span> <span class='ocrx_word' id='word_1_289' title='bbox 360 3681 451 3762; x_wconf 91' lang='lat' dir='ltr'>quod</span> <span class='ocrx_word' id='word_1_290' title='bbox 463 3680 594 3745; x_wconf 91' lang='lat' dir='ltr'>vellent</span> <span class='ocrx_word' id='word_1_291' title='bbox 611 3701 713 3762; x_wconf 89' lang='lat' dir='ltr'>agere</span> <span class='ocrx_word' id='word_1_292' title='bbox 729 3700 775 3743; x_wconf 88' lang='lat' dir='ltr'>ex</span> <span class='ocrx_word' id='word_1_293' title='bbox 792 3679 1011 3761; x_wconf 90' lang='lat' dir='ltr'>beneplacito</span> <span class='ocrx_word' id='word_1_294' title='bbox 1027 3680 1214 3743; x_wconf 91' lang='lat' dir='ltr'>secundum</span> <span class='ocrx_word' id='word_1_295' title='bbox 1226 3679 1398 3756; x_wconf 80' lang='lat' dir='ltr'>favorem3</span> 
     </span>
     <span class='ocr_line' id='line_1_33' title="bbox 279 3771 1399 3856; baseline 0 -18"><span class='ocrx_word' id='word_1_296' title='bbox 279 3783 488 3856; x_wconf 88' lang='lat' dir='ltr'>quapropter</span> <span class='ocrx_word' id='word_1_297' title='bbox 506 3795 550 3839; x_wconf 83' lang='lat' dir='ltr'>ex</span> <span class='ocrx_word' id='word_1_298' title='bbox 569 3773 743 3840; x_wconf 73' lang='lat' dir='ltr'>iunctione</span> <span class='ocrx_word' id='word_1_299' title='bbox 761 3773 821 3838; x_wconf 92' lang='lat' dir='ltr'>illa</span> <span class='ocrx_word' id='word_1_300' title='bbox 836 3775 952 3838; x_wconf 88' lang='lat' dir='ltr'>emissi</span> <span class='ocrx_word' id='word_1_301' title='bbox 968 3783 1060 3850; x_wconf 89' lang='lat' dir='ltr'>sunt,</span> <span class='ocrx_word' id='word_1_302' title='bbox 1074 3793 1113 3840; x_wconf 85' lang='lat' dir='ltr'>ac</span> <span class='ocrx_word' id='word_1_303' title='bbox 1133 3771 1242 3838; x_wconf 72' lang='lat' dir='ltr'>relicli</span> <span class='ocrx_word' id='word_1_304' title='bbox 1260 3783 1298 3838; x_wconf 88' lang='lat' dir='ltr'>ut</span> <span class='ocrx_word' id='word_1_305' title='bbox 1317 3774 1399 3838; x_wconf 91' lang='lat' dir='ltr'>alibi</span> 
     </span>
     <span class='ocr_line' id='line_1_34' title="bbox 280 3868 1398 3952; baseline 0 -20"><span class='ocrx_word' id='word_1_306' title='bbox 280 3869 343 3933; x_wconf 90' lang='lat' dir='ltr'>sibi</span> <span class='ocrx_word' id='word_1_307' title='bbox 363 3871 477 3934; x_wconf 90' lang='lat' dir='ltr'>munia</span> <span class='ocrx_word' id='word_1_308' title='bbox 495 3878 709 3952; x_wconf 88' lang='lat' dir='ltr'>quaererent.</span> <span class='ocrx_word' id='word_1_309' title='bbox 754 3869 950 3951; x_wconf 87' lang='lat' dir='ltr'>Pergebant</span> <span class='ocrx_word' id='word_1_310' title='bbox 969 3870 1085 3951; x_wconf 89' lang='lat' dir='ltr'>itaque</span> <span class='ocrx_word' id='word_1_311' title='bbox 1104 3868 1243 3932; x_wconf 86' lang='lat' dir='ltr'>ulterius</span> <span class='ocrx_word' id='word_1_312' title='bbox 1266 3869 1300 3932; x_wconf 91' lang='lat' dir='ltr'>in</span> <span class='ocrx_word' id='word_1_313' title='bbox 1324 3868 1398 3950; x_wconf 90' lang='lat' dir='ltr'>pla·</span> 
     </span>
     <span class='ocr_line' id='line_1_35' title="bbox 279 3963 1398 4047; baseline -0.003 -18"><span class='ocrx_word' id='word_1_314' title='bbox 279 3983 359 4047; x_wconf 83' lang='lat' dir='ltr'>gam</span> <span class='ocrx_word' id='word_1_315' title='bbox 369 3963 633 4038; x_wconf 84' lang='lat' dir='ltr'>occidentalem,</span> <span class='ocrx_word' id='word_1_316' title='bbox 647 3964 703 4026; x_wconf 90' lang='lat' dir='ltr'>ubi</span> <span class='ocrx_word' id='word_1_317' title='bbox 715 3963 769 4026; x_wconf 90' lang='lat' dir='ltr'>hic</span> <span class='ocrx_word' id='word_1_318' title='bbox 782 3975 818 4029; x_wconf 92' lang='lat' dir='ltr'>et</span> <span class='ocrx_word' id='word_1_319' title='bbox 835 3965 880 4030; x_wconf 92' lang='lat' dir='ltr'>ibi</span> <span class='ocrx_word' id='word_1_320' title='bbox 892 3965 1021 4046; x_wconf 90' lang='lat' dir='ltr'>recepti</span> <span class='ocrx_word' id='word_1_321' title='bbox 1033 3973 1123 4038; x_wconf 90' lang='lat' dir='ltr'>sunt,</span> <span class='ocrx_word' id='word_1_322' title='bbox 1137 3964 1199 4028; x_wconf 85' lang='lat' dir='ltr'>sed</span> <span class='ocrx_word' id='word_1_323' title='bbox 1209 3964 1319 4027; x_wconf 88' lang='lat' dir='ltr'>ubivis</span> <span class='ocrx_word' id='word_1_324' title='bbox 1332 3963 1398 4026; x_wconf 89' lang='lat' dir='ltr'>illis</span> 
     </span>
     <span class='ocr_line' id='line_1_36' title="bbox 279 4057 1398 4143; baseline -0.003 -19"><span class='ocrx_word' id='word_1_325' title='bbox 279 4057 407 4124; x_wconf 67' lang='lat' dir='ltr'>dicium</span> <span class='ocrx_word' id='word_1_326' title='bbox 426 4069 491 4135; x_wconf 88' lang='lat' dir='ltr'>est,</span> <span class='ocrx_word' id='word_1_327' title='bbox 512 4059 603 4143; x_wconf 90' lang='lat' dir='ltr'>quod</span> <span class='ocrx_word' id='word_1_328' title='bbox 623 4077 691 4124; x_wconf 88' lang='lat' dir='ltr'>non</span> <span class='ocrx_word' id='word_1_329' title='bbox 710 4059 869 4141; x_wconf 89' lang='lat' dir='ltr'>cogitent</span> <span class='ocrx_word' id='word_1_330' title='bbox 888 4061 951 4124; x_wconf 90' lang='lat' dir='ltr'>nisi</span> <span class='ocrx_word' id='word_1_331' title='bbox 969 4079 1070 4142; x_wconf 90' lang='lat' dir='ltr'>quam</span> <span class='ocrx_word' id='word_1_332' title='bbox 1089 4059 1132 4122; x_wconf 91' lang='lat' dir='ltr'>de</span> <span class='ocrx_word' id='word_1_333' title='bbox 1149 4079 1196 4133; x_wconf 88' lang='lat' dir='ltr'>se,</span> <span class='ocrx_word' id='word_1_334' title='bbox 1213 4067 1249 4122; x_wconf 90' lang='lat' dir='ltr'>et</span> <span class='ocrx_word' id='word_1_335' title='bbox 1267 4077 1336 4122; x_wconf 90' lang='lat' dir='ltr'>non</span> <span class='ocrx_word' id='word_1_336' title='bbox 1355 4058 1398 4122; x_wconf 92' lang='lat' dir='ltr'>de</span> 
     </span>
    </p>
   </div>
   <div class='ocr_carea' id='block_1_5' title="bbox 278 4153 1399 4712">
    <p class='ocr_par' dir='ltr' id='par_1_5' title="bbox 278 4153 1399 4712">
     <span class='ocr_line' id='line_1_37' title="bbox 278 4153 1399 4238; baseline -0.002 -20"><span class='ocrx_word' id='word_1_337' title='bbox 278 4155 393 4238; x_wconf 88' lang='lat' dir='ltr'>aliqua</span> <span class='ocrx_word' id='word_1_338' title='bbox 420 4176 457 4220; x_wconf 90' lang='lat' dir='ltr'>re</span> <span class='ocrx_word' id='word_1_339' title='bbox 486 4155 550 4219; x_wconf 92' lang='lat' dir='ltr'>nisi</span> <span class='ocrx_word' id='word_1_340' title='bbox 579 4175 625 4218; x_wconf 90' lang='lat' dir='ltr'>ex</span> <span class='ocrx_word' id='word_1_341' title='bbox 652 4175 710 4232; x_wconf 85' lang='lat' dir='ltr'>se;</span> <span class='ocrx_word' id='word_1_342' title='bbox 744 4155 792 4219; x_wconf 88' lang='lat' dir='ltr'>ita</span> <span class='ocrx_word' id='word_1_343' title='bbox 815 4154 906 4237; x_wconf 90' lang='lat' dir='ltr'>quod</span> <span class='ocrx_word' id='word_1_344' title='bbox 926 4155 1052 4236; x_wconf 89' lang='lat' dir='ltr'>stupidi</span> <span class='ocrx_word' id='word_1_345' title='bbox 1076 4163 1204 4226; x_wconf 89' lang='lat' dir='ltr'>essent,</span> <span class='ocrx_word' id='word_1_346' title='bbox 1228 4163 1265 4218; x_wconf 89' lang='lat' dir='ltr'>et</span> <span class='ocrx_word' id='word_1_347' title='bbox 1294 4153 1399 4216; x_wconf 92' lang='lat' dir='ltr'>modo</span> 
     </span>
     <span class='ocr_line' id='line_1_38' title="bbox 278 4247 1397 4332; baseline -0.004 -18"><span class='ocrx_word' id='word_1_348' title='bbox 278 4251 367 4314; x_wconf 89' lang='lat' dir='ltr'>sicut</span> <span class='ocrx_word' id='word_1_349' title='bbox 384 4249 559 4316; x_wconf 86' lang='lat' dir='ltr'>sensuales</span> <span class='ocrx_word' id='word_1_350' title='bbox 578 4250 731 4332; x_wconf 91' lang='lat' dir='ltr'>corporei</span> <span class='ocrx_word' id='word_1_351' title='bbox 750 4250 907 4332; x_wconf 90' lang='lat' dir='ltr'>spiritus:</span> <span class='ocrx_word' id='word_1_352' title='bbox 931 4257 1142 4331; x_wconf 90' lang='lat' dir='ltr'>quapropter</span> <span class='ocrx_word' id='word_1_353' title='bbox 1160 4247 1306 4329; x_wconf 88' lang='lat' dir='ltr'>relegati</span> <span class='ocrx_word' id='word_1_354' title='bbox 1325 4247 1397 4310; x_wconf 90' lang='lat' dir='ltr'>ubi·</span> 
     </span>
     <span class='ocr_line' id='line_1_39' title="bbox 279 4341 1396 4427; baseline -0.004 -19"><span class='ocrx_word' id='word_1_355' title='bbox 279 4363 412 4427; x_wconf 89' lang='lat' dir='ltr'>cunque</span> <span class='ocrx_word' id='word_1_356' title='bbox 429 4353 606 4410; x_wconf 89' lang='lat' dir='ltr'>venerunt.</span> <span class='ocrx_word' id='word_1_357' title='bbox 651 4343 733 4408; x_wconf 89' lang='lat' dir='ltr'>Post</span> <span class='ocrx_word' id='word_1_358' title='bbox 750 4344 890 4426; x_wconf 84' lang='lat' dir='ltr'>aliquod</span> <span class='ocrx_word' id='word_1_359' title='bbox 905 4352 1042 4425; x_wconf 90' lang='lat' dir='ltr'>tempus</span> <span class='ocrx_word' id='word_1_360' title='bbox 1058 4343 1121 4406; x_wconf 88' lang='lat' dir='ltr'>visi</span> <span class='ocrx_word' id='word_1_361' title='bbox 1139 4351 1230 4416; x_wconf 88' lang='lat' dir='ltr'>sunt,</span> <span class='ocrx_word' id='word_1_362' title='bbox 1248 4341 1338 4424; x_wconf 89' lang='lat' dir='ltr'>quod</span> <span class='ocrx_word' id='word_1_363' title='bbox 1353 4341 1396 4404; x_wconf 84' lang='lat' dir='ltr'>ad</span> 
     </span>
     <span class='ocr_line' id='line_1_40' title="bbox 280 4437 1397 4521; baseline -0.005 -17"><span class='ocrx_word' id='word_1_364' title='bbox 280 4441 405 4504; x_wconf 88' lang='lat' dir='ltr'>incitas</span> <span class='ocrx_word' id='word_1_365' title='bbox 428 4437 557 4506; x_wconf 69' lang='lat' dir='ltr'>redacti</span> <span class='ocrx_word' id='word_1_366' title='bbox 580 4440 662 4514; x_wconf 90' lang='lat' dir='ltr'>sint,</span> <span class='ocrx_word' id='word_1_367' title='bbox 686 4449 722 4504; x_wconf 91' lang='lat' dir='ltr'>et</span> <span class='ocrx_word' id='word_1_368' title='bbox 745 4447 947 4521; x_wconf 89' lang='lat' dir='ltr'>quaererent</span> <span class='ocrx_word' id='word_1_369' title='bbox 971 4439 1108 4520; x_wconf 87' lang='lat' dir='ltr'>stipem.</span> <span class='ocrx_word' id='word_1_370' title='bbox 1153 4437 1239 4500; x_wconf 91' lang='lat' dir='ltr'>lnde</span> <span class='ocrx_word' id='word_1_371' title='bbox 1262 4455 1397 4518; x_wconf 91' lang='lat' dir='ltr'>quoque</span> 
     </span>
     <span class='ocr_line' id='line_1_41' title="bbox 280 4531 1397 4617; baseline -0.006 -19"><span class='ocrx_word' id='word_1_372' title='bbox 280 4535 401 4617; x_wconf 88' lang='lat' dir='ltr'>patuit,</span> <span class='ocrx_word' id='word_1_373' title='bbox 421 4535 511 4616; x_wconf 90' lang='lat' dir='ltr'>quod</span> <span class='ocrx_word' id='word_1_374' title='bbox 529 4535 586 4617; x_wconf 89' lang='lat' dir='ltr'>qui</span> <span class='ocrx_word' id='word_1_375' title='bbox 609 4534 642 4598; x_wconf 91' lang='lat' dir='ltr'>in</span> <span class='ocrx_word' id='word_1_376' title='bbox 666 4552 781 4597; x_wconf 89' lang='lat' dir='ltr'>amore</span> <span class='ocrx_word' id='word_1_377' title='bbox 798 4533 851 4596; x_wconf 87' lang='lat' dir='ltr'>sui</span> <span class='ocrx_word' id='word_1_378' title='bbox 866 4541 959 4608; x_wconf 84' lang='lat' dir='ltr'>sunt,</span> <span class='ocrx_word' id='word_1_379' title='bbox 979 4542 1151 4613; x_wconf 88' lang='lat' dir='ltr'>utcunque</span> <span class='ocrx_word' id='word_1_380' title='bbox 1174 4551 1219 4594; x_wconf 89' lang='lat' dir='ltr'>ex</span> <span class='ocrx_word' id='word_1_381' title='bbox 1244 4532 1322 4612; x_wconf 84' lang='lat' dir='ltr'>igne</span> <span class='ocrx_word' id='word_1_382' title='bbox 1346 4531 1397 4600; x_wconf 88' lang='lat' dir='ltr'>sui</span> 
     </span>
     <span class='ocr_line' id='line_1_42' title="bbox 279 4626 1396 4712; baseline -0.005 -18"><span class='ocrx_word' id='word_1_383' title='bbox 279 4631 403 4696; x_wconf 91' lang='lat' dir='ltr'>amoris</span> <span class='ocrx_word' id='word_1_384' title='bbox 420 4629 507 4694; x_wconf 89' lang='lat' dir='ltr'>sicut</span> <span class='ocrx_word' id='word_1_385' title='bbox 525 4630 698 4711; x_wconf 88' lang='lat' dir='ltr'>sapienter</span> <span class='ocrx_word' id='word_1_386' title='bbox 715 4629 897 4694; x_wconf 83' lang='lat' dir='ltr'>videantur</span> <span class='ocrx_word' id='word_1_387' title='bbox 916 4627 1007 4712; x_wconf 87' lang='lat' dir='ltr'>loqui</span> <span class='ocrx_word' id='word_1_388' title='bbox 1026 4627 1060 4692; x_wconf 91' lang='lat' dir='ltr'>in</span> <span class='ocrx_word' id='word_1_389' title='bbox 1080 4627 1219 4702; x_wconf 89' lang='lat' dir='ltr'>mundo,</span> <span class='ocrx_word' id='word_1_390' title='bbox 1239 4645 1344 4708; x_wconf 91' lang='lat' dir='ltr'>usque</span> <span class='ocrx_word' id='word_1_391' title='bbox 1363 4626 1396 4688; x_wconf 91' lang='lat' dir='ltr'>id</span> 
     </span>
    </p>
   </div>
   <div class='ocr_carea' id='block_1_6' title="bbox 0 0 1680 5366">
    <p class='ocr_par' dir='ltr' id='par_1_6' title="bbox 0 0 1680 5366">
     <span class='ocr_line' id='line_1_43' title="bbox 0 0 1680 5366; baseline 0 2"><span class='ocrx_word' id='word_1_392' title='bbox 0 0 1680 5366; x_wconf 95' lang='lat' dir='ltr'> </span> 
     </span>
    </p>
   </div>
  </div>
 </body>
</html>
