3368 5356
666 645 764 700 suus
787 647 883 700 ruas
901 647 1025 700 cnam.
1383 657 1425 725 27

302 818 384 885 inde
406 816 633 896 intelledtum,
658 827 695 885 et
724 841 771 886 ex
799 842 842 886 eo
870 822 993 889 volunt
1014 831 1052 889 et
1081 823 1211 890 faciunt
1238 847 1289 903 ea,
1312 826 1363 892 illi
1391 829 1425 894 in

302 915 419 980 medio
440 933 501 980 seu
525 915 678 979 secundo
701 915 800 980 caelo
822 927 923 982 sunt:
952 927 989 982 at
1013 918 1070 1002 qui
1092 920 1271 986 moraliter
1292 923 1425 1000 vivunt,

302 1020 339 1076 et
362 1008 508 1073 credunt
532 1009 706 1086 Divinum,
727 1031 790 1076 nec
813 1020 998 1094 tantopere
1021 1024 1142 1078 curant
1164 1015 1298 1094 instrui,
1317 1017 1368 1082 illi
1390 1021 1425 1084 in

302 1103 424 1169 ultimo
453 1124 514 1168 seu
543 1105 652 1186 primo
675 1105 774 1170 caelo
802 1103 942 1170 santur)
987 1107 1074 1172 Inde
1103 1119 1266 1175 constare
1294 1121 1424 1196 potest,

301 1200 391 1282 quod
410 1207 524 1262 status
540 1200 741 1264 interiorum
757 1200 886 1266 faciant
902 1199 1047 1279 caelum,
1063 1213 1101 1268 et
1120 1205 1211 1286 quod
1227 1205 1361 1272 caelum
1381 1209 1425 1272 sit

301 1293 391 1357 intra
409 1295 680 1376 unumquemvis‚
701 1303 737 1359 et
759 1315 829 1360 non
848 1305 951 1362 extra
968 1296 1064 1361 illum
1075 1318 1084 1378 ;
1115 1299 1207 1382 quod
1226 1301 1332 1368 etiam
1350 1301 1424 1367 Do·

301 1389 412 1453 minus
430 1388 547 1466 docet,
567 1389 728 1468 dicendo,

349 1531 435 1585 “Non
450 1535 525 1584 venit
540 1549 653 1597 regnum
671 1535 721 1586 Del
735 1549 796 1586 cum
811 1537 1012 1598 observatione,
1024 1551 1112 1602 neque
1124 1537 1222 1599 dicent,
1236 1537 1305 1589 Ecce
1320 1539 1363 1590 bic
1376 1549 1425 1592 aut

430 1613 492 1729 :Kc
506 1599 578 1661 illic;
592 1615 653 1651 ecce
667 1601 740 1651 enlm
754 1617 869 1665 regnum
883 1601 934 1653 Del
949 1603 976 1653 in
995 1604 1074 1654 vobis
1085 1603 1290 1668 habetis”(Luc.
1304 1605 1368 1656 xvll.
1383 1617 1422 1666 ao,

360 1819 433 1889 34.
463 1799 584 1867 Omnis
603 1803 709 1866 etiam
729 1801 893 1886 perfeetio
911 1805 1036 1870 crescit
1054 1825 1172 1870 versus
1191 1805 1365 1883 interiora,
1386 1817 1422 1872 et

298 1895 467 1963 decrescit
482 1919 600 1962 versus
617 1899 803 1974 exteriora,
817 1900 1153 1981 quoniam-interiora
1166 1911 1245 1965 sunt
1262 1903 1422 1985 propiora

297 1997 424 2060 Divino
436 2005 471 2059 et
491 1993 525 2058 in
542 2015 578 2059 se
591 1994 739 2078 puriora,
753 1995 929 2060 exteriora
941 2003 1055 2060 autem
1068 1997 1252 2062 remotiora
1264 2017 1284 2060 a
1296 1997 1421 2062 Divino

296 2101 332 2156 et
351 2092 385 2155 in
404 2111 441 2154 se
460 2085 684 2154 crassioralffl
730 2085 896 2153 Persettio
912 2089 1072 2172 angelica
1087 2093 1247 2156 consistit
1266 2092 1300 2155 in
1319 2090 1420 2156 intel·

296 2185 451 2267 ligentia,
471 2185 506 2248 in
525 2185 707 2267 sapientia,
728 2185 761 2247 in
780 2205 909 2260 amore,
927 2185 1029 2268 inque
1048 2186 1142 2248 omni
1161 2186 1263 2262 bono,
1284 2195 1320 2250 et
1340 2187 1420 2250 inde

296 2280 478 2358 felicitate3
499 2299 567 2344 non
584 2289 701 2342 autem
716 2279 750 2341 in
766 2278 933 2342 felicitate
946 2280 1074 2362 absque
1087 2279 1165 2354 illis,
1180 2299 1260 2344 narn
1273 2281 1419 2344 felicitas

296 2373 424 2458 absque
446 2374 514 2438 illis
537 2383 591 2438 est
615 2383 764 2437 externa
790 2383 826 2437 et
857 2393 927 2437 non
951 2374 1096 2437 interna.
1142 2372 1232 2456 Quia
1254 2375 1420 2440 interiora

295 2469 385 2552 apud
402 2469 546 2552 angelos
561 2469 672 2532 intimi
688 2467 776 2532 caeli
794 2477 916 2552 aperta
934 2477 1014 2532 sunt
1031 2469 1065 2531 in
1085 2469 1191 2532 tertio
1207 2469 1326 2550 gradu,
1340 2470 1418 2534 ideo

294 2563 458 2650 perledtio
478 2565 612 2629 illorum
632 2565 835 2627 immensum
852 2573 991 2647 superat
1012 2561 1256 2647 perfectionem
1273 2564 1417 2648 angelo·

294 2679 367 2725 rum
390 2664 425 2726 in
448 2661 563 2724 medio
585 2659 695 2734 caelo,
716 2679 858 2743 quorum
877 2660 1040 2723 interiora
1059 2669 1181 2742 aperta
1202 2669 1282 2725 sunt
1305 2661 1339 2724 in
1362 2681 1416 2724 se·

294 2757 408 2821 cundo
426 2757 555 2840 gradu;
579 2755 737 2818 similiter
755 2754 896 2818 excedit
916 2752 1080 2838 perfectio
1096 2753 1297 2837 angelorum
1314 2755 1416 2819 medii

293 2851 380 2917 caeli
399 2849 641 2936 perfectionem
661 2849 863 2932 angelorum
883 2849 994 2914 ultimi
1012 2849 1109 2914 caeli.

355 2961 427 3030 35.
458 2945 547 3028 Quia
563 2945 634 3008 tale
651 2945 833 3008 discrimen
850 2955 915 3021 est,
934 2963 1002 3008 non
1022 2953 1140 3028 potest
1157 2943 1301 3027 angelus
1316 2945 1414 3008 unius

292 3041 379 3106 caeli
397 3043 525 3106 intrare
544 3039 587 3104 ad
606 3037 751 3122 angelos
770 3038 911 3104 alterius
930 3039 1028 3114 caeli,
1045 3060 1106 3103 seu
1125 3059 1194 3103 non
1213 3048 1332 3122 potest
1351 3038 1413 3102 ali·

293 3137 367 3222 quis
386 3157 431 3200 ex
450 3136 603 3200 interiori
623 3134 721 3200 caelo
739 3135 939 3210 ascendere,
957 3155 1021 3199 nec
1041 3133 1162 3218 aliquis
1181 3155 1226 3199 ex
1250 3135 1414 3216 superiori

291 3231 391 3296 caelo
407 3231 637 3294 descendere:
662 3231 718 3314 qui
737 3251 783 3293 ex
802 3229 950 3294 inferiori
969 3229 1067 3294 caelo
1086 3229 1255 3304 ascendit,
1272 3229 1412 3312 corripi·

292 3336 347 3391 tur
365 3327 544 3390 anxietate
567 3345 672 3408 usque
702 3323 746 3388 ad
773 3323 941 3400 dolorem,
959 3343 1023 3389 nec
1053 3333 1172 3408 potest
1191 3323 1308 3387 videre
1334 3323 1412 3390 illos

291 3421 347 3506 qui
369 3421 425 3498 ibi,
445 3421 556 3484 minus
575 3419 668 3504 loqui
687 3439 764 3484 cum
784 3419 876 3498 illis;
907 3429 943 3484 et
967 3419 1023 3502 qui
1053 3439 1098 3483 ex
1125 3419 1291 3502 superiori
1314 3417 1412 3483 caelo

696 3693 1020 3746 (amnena-nram)

346 3807 405 3878 (qq)
425 3805 515 3880 Quod
534 3807 663 3862 totidem
682 3809 793 3878 gradus
805 3807 886 3861 vitae
911 3806 941 3860 in
961 3805 1085 3860 homine
1103 3803 1173 3867 sint,
1188 3813 1263 3876 quot
1280 3805 1363 3868 caeli,
1378 3816 1410 3861 et

290 3879 370 3950 quod
384 3878 557 3948 aperiantur
568 3889 637 3949 post
650 3887 777 3933 mortem
792 3877 958 3933 secundum
970 3877 1036 3950 ejus
1048 3876 1141 3932 vitam
1155 3877 1197 3945 (o.
1210 3887 1288 3946 3747,
1303 3878 1395 3946 9594).

343 3947 433 4074 Puod
446 3949 562 4004 caelum
576 3949 615 4004 sit
628 3948 658 4004 in
669 3949 790 4005 homine
804 3951 845 4018 (n.
859 3947 950 4018 3884).

360 4020 419 4076 nde
431 4021 513 4091 quod
525 4019 577 4092 qui
589 4020 706 4076 caelum
722 4020 752 4074 in
769 4036 800 4075 se
815 4019 928 4090 recepit
947 4017 977 4072 in
997 4017 1120 4081 mundo,
1133 4017 1164 4072 in
1179 4016 1296 4073 caelum
1309 4017 1411 4073 veniat

291 4101 360 4162 post
372 4101 501 4148 mortem
516 4093 557 4161 (n.
574 4091 680 4159 10717).

324 4203 403 4340 Δἑνν)
419 4199 510 4274 Quod
521 4201 664 4257 interiora
674 4201 735 4258 sint
747 4198 1150 4273 perietlloraquiaproplora
1158 4197 1270 4254 Divino
1279 4199 1320 4269 (n.
1331 4209 1408 4268 3405,

292 4283 321 4342 ⁵¹
344 4275 483 4415 §ddd7in
504 4296 622 4398 interno
636 4343 728 4398 millia
739 4351 772 4398 et
790 4341 884 4398 millia
897 4341 966 4406 sint,
980 4357 1058 4413 quae
1077 4340 1107 4396 ln
1125 4350 1252 4397 externo
1263 4349 1408 4412 apparent

290 4422 325 4469 ut
337 4429 497 4469 commune
509 4430 604 4469 unum
619 4417 659 4483 (n.
674 4415 763 4483 5707).

346 4483 436 4556 Quod
452 4495 598 4556 quantum
611 4485 704 4540 homo
718 4485 756 4539 ab
771 4483 902 4539 extemis
914 4482 1050 4538 elevatur
1063 4497 1167 4538 versus
1180 4481 1330 4542 interiora,
1343 4489 1407 4534 tan·

290 4563 356 4609 tum
366 4555 396 4610 in
406 4556 503 4610 lucem
514 4566 545 4612 et
555 4556 598 4611 lta
607 4555 636 4609 in
648 4555 876 4628 intelligentiam
887 4556 996 4616 veniat,
1006 4563 1038 4609 et
1050 4554 1132 4625 quod
1142 4551 1271 4609 elevatio
1280 4551 1320 4608 sit
1332 4550 1408 4607 sicut

291 4639 309 4682 e
322 4626 426 4683 nimbo
439 4627 469 4682 ln
482 4626 594 4683 clarum
609 4628 649 4696 (n.
662 4625 741 4697 4598,
754 4625 833 4696 6183,
846 4623 943 4698 6333st
961 4625 1066 4697 ⁶3¹3ll·
