<?xml version="1.0" encoding="UTF-8"?>
<!DOCTYPE html PUBLIC "-//W3C//DTD XHTML 1.0 Transitional//EN"
    "http://www.w3.org/TR/xhtml1/DTD/xhtml1-transitional.dtd">
<html xmlns="http://www.w3.org/1999/xhtml" xml:lang="en" lang="en">
 <head>
  <title>
</title>
<meta http-equiv="Content-Type" content="text/html;charset=utf-8" />
  <meta name='ocr-system' content='tesseract 3.04.00' />
  <meta name='ocr-capabilities' content='ocr_page ocr_carea ocr_par ocr_line ocrx_word'/>
</head>
<body>
  <div class='ocr_page' id='page_1' title='image "./decaeloetejusmi00swedgoog_0278.png"; bbox 0 0 3408 5358; ppageno 0'>
   <div class='ocr_carea' id='block_1_1' title="bbox 286 629 1401 700">
    <p class='ocr_par' dir='ltr' id='par_1_1' title="bbox 286 629 1401 700">
     <span class='ocr_line' id='line_1_1' title="bbox 286 629 1401 700; baseline -0.002 -17"><span class='ocrx_word' id='word_1_1' title='bbox 286 631 547 696; x_wconf 86' lang='lat' dir='ltr'>UNUSQUISQUE</span> <span class='ocrx_word' id='word_1_2' title='bbox 562 629 674 681; x_wconf 86' lang='lat' dir='ltr'><strong>HOMO</strong></span> <span class='ocrx_word' id='word_1_3' title='bbox 689 630 756 680; x_wconf 84' lang='lat' dir='ltr'>EST</span> <span class='ocrx_word' id='word_1_4' title='bbox 769 629 936 681; x_wconf 82' lang='lat' dir='ltr'>SPIRITUS</span> <span class='ocrx_word' id='word_1_5' title='bbox 950 629 1081 694; x_wconf 81' lang='lat' dir='ltr'><strong>QUOAD</strong></span> <span class='ocrx_word' id='word_1_6' title='bbox 1094 631 1319 682; x_wconf 79' lang='lat' dir='ltr'><strong>INTERIORA.</strong></span> <span class='ocrx_word' id='word_1_7' title='bbox 1343 633 1401 700; x_wconf 86' lang='lat'>271</span> 
     </span>
    </p>
   </div>
   <div class='ocr_carea' id='block_1_2' title="bbox 257 797 1405 4684">
    <p class='ocr_par' dir='ltr' id='par_1_2' title="bbox 280 797 1405 1740">
     <span class='ocr_line' id='line_1_2' title="bbox 282 797 1403 880; baseline 0.004 -18"><span class='ocrx_word' id='word_1_8' title='bbox 282 800 315 864; x_wconf 90' lang='lat' dir='ltr'>in</span> <span class='ocrx_word' id='word_1_9' title='bbox 341 801 487 864; x_wconf 91' lang='lat' dir='ltr'>eandem</span> <span class='ocrx_word' id='word_1_10' title='bbox 511 799 717 863; x_wconf 85' lang='lat' dir='ltr'>societatem</span> <span class='ocrx_word' id='word_1_11' title='bbox 740 797 846 862; x_wconf 88' lang='lat' dir='ltr'>etiam</span> <span class='ocrx_word' id='word_1_12' title='bbox 876 808 956 880; x_wconf 86' lang='lat' dir='ltr'>post</span> <span class='ocrx_word' id='word_1_13' title='bbox 979 809 1128 864; x_wconf 89' lang='lat' dir='ltr'>mortem</span> <span class='ocrx_word' id='word_1_14' title='bbox 1151 800 1280 864; x_wconf 89' lang='lat' dir='ltr'>veniat.</span> <span class='ocrx_word' id='word_1_15' title='bbox 1326 799 1403 866; x_wconf 91' lang='lat' dir='ltr'>Hoc</span> 
     </span>
     <span class='ocr_line' id='line_1_3' title="bbox 283 893 1403 978; baseline 0 -18"><span class='ocrx_word' id='word_1_16' title='bbox 283 898 420 978; x_wconf 88' lang='lat' dir='ltr'>saepius</span> <span class='ocrx_word' id='word_1_17' title='bbox 436 893 565 960; x_wconf 77' lang='lat' dir='ltr'>dit&#39;tum</span> <span class='ocrx_word' id='word_1_18' title='bbox 584 903 620 958; x_wconf 90' lang='lat' dir='ltr'>et</span> <span class='ocrx_word' id='word_1_19' title='bbox 639 904 818 958; x_wconf 87' lang='lat' dir='ltr'>ostensum</span> <span class='ocrx_word' id='word_1_20' title='bbox 838 905 892 960; x_wconf 88' lang='lat' dir='ltr'>est</span> <span class='ocrx_word' id='word_1_21' title='bbox 910 895 989 970; x_wconf 89' lang='lat' dir='ltr'>illis,</span> <span class='ocrx_word' id='word_1_22' title='bbox 1009 897 1067 977; x_wconf 92' lang='lat' dir='ltr'>qui</span> <span class='ocrx_word' id='word_1_23' title='bbox 1087 905 1166 976; x_wconf 86' lang='lat' dir='ltr'>post</span> <span class='ocrx_word' id='word_1_24' title='bbox 1185 905 1334 960; x_wconf 90' lang='lat' dir='ltr'>mortem</span> <span class='ocrx_word' id='word_1_25' title='bbox 1353 896 1403 960; x_wconf 93' lang='lat' dir='ltr'>in·</span> 
     </span>
     <span class='ocr_line' id='line_1_4' title="bbox 283 988 1405 1074; baseline -0.002 -18"><span class='ocrx_word' id='word_1_26' title='bbox 283 1001 336 1056; x_wconf 92' lang='lat' dir='ltr'>ter</span> <span class='ocrx_word' id='word_1_27' title='bbox 354 992 492 1074; x_wconf 87' lang='lat' dir='ltr'>spiritus</span> <span class='ocrx_word' id='word_1_28' title='bbox 510 998 690 1054; x_wconf 92' lang='lat' dir='ltr'>venerunt.</span> <span class='ocrx_word' id='word_1_29' title='bbox 736 988 814 1052; x_wconf 93' lang='lat' dir='ltr'>Non</span> <span class='ocrx_word' id='word_1_30' title='bbox 838 989 975 1072; x_wconf 90' lang='lat' dir='ltr'>quidem</span> <span class='ocrx_word' id='word_1_31' title='bbox 997 999 1140 1072; x_wconf 85' lang='lat' dir='ltr'>apparet</span> <span class='ocrx_word' id='word_1_32' title='bbox 1160 990 1265 1054; x_wconf 90' lang='lat' dir='ltr'>homo</span> <span class='ocrx_word' id='word_1_33' title='bbox 1288 991 1322 1053; x_wconf 93' lang='lat' dir='ltr'>in</span> <span class='ocrx_word' id='word_1_34' title='bbox 1345 990 1405 1054; x_wconf 91' lang='lat' dir='ltr'>illa</span> 
     </span>
     <span class='ocr_line' id='line_1_5' title="bbox 282 1084 1404 1168; baseline -0.002 -17"><span class='ocrx_word' id='word_1_35' title='bbox 282 1087 450 1152; x_wconf 89' lang='lat' dir='ltr'>societate</span> <span class='ocrx_word' id='word_1_36' title='bbox 470 1094 511 1149; x_wconf 90' lang='lat' dir='ltr'>ut</span> <span class='ocrx_word' id='word_1_37' title='bbox 534 1085 682 1166; x_wconf 86' lang='lat' dir='ltr'>spiritus,</span> <span class='ocrx_word' id='word_1_38' title='bbox 703 1101 781 1147; x_wconf 90' lang='lat' dir='ltr'>cum</span> <span class='ocrx_word' id='word_1_39' title='bbox 804 1084 890 1147; x_wconf 92' lang='lat' dir='ltr'>vivit</span> <span class='ocrx_word' id='word_1_40' title='bbox 912 1085 947 1148; x_wconf 90' lang='lat' dir='ltr'>in</span> <span class='ocrx_word' id='word_1_41' title='bbox 970 1084 1110 1159; x_wconf 91' lang='lat' dir='ltr'>mundo,</span> <span class='ocrx_word' id='word_1_42' title='bbox 1131 1105 1177 1148; x_wconf 92' lang='lat' dir='ltr'>ex</span> <span class='ocrx_word' id='word_1_43' title='bbox 1200 1103 1304 1148; x_wconf 88' lang='lat' dir='ltr'>causa</span> <span class='ocrx_word' id='word_1_44' title='bbox 1326 1085 1404 1168; x_wconf 88' lang='lat' dir='ltr'>quia</span> 
     </span>
     <span class='ocr_line' id='line_1_6' title="bbox 281 1177 1404 1261; baseline -0.002 -17"><span class='ocrx_word' id='word_1_45' title='bbox 281 1191 364 1244; x_wconf 91' lang='lat' dir='ltr'>tunc</span> <span class='ocrx_word' id='word_1_46' title='bbox 388 1179 592 1244; x_wconf 85' lang='lat' dir='ltr'>naturaliter</span> <span class='ocrx_word' id='word_1_47' title='bbox 614 1179 769 1261; x_wconf 81' lang='lat' dir='ltr'>cogitat3</span> <span class='ocrx_word' id='word_1_48' title='bbox 800 1179 857 1260; x_wconf 92' lang='lat' dir='ltr'>qui</span> <span class='ocrx_word' id='word_1_49' title='bbox 880 1189 997 1243; x_wconf 90' lang='lat' dir='ltr'>autem</span> <span class='ocrx_word' id='word_1_50' title='bbox 1019 1177 1194 1244; x_wconf 59' lang='lat' dir='ltr'>abstraGte</span> <span class='ocrx_word' id='word_1_51' title='bbox 1217 1199 1237 1244; x_wconf 87' lang='lat' dir='ltr'>a</span> <span class='ocrx_word' id='word_1_52' title='bbox 1260 1198 1404 1260; x_wconf 89' lang='lat' dir='ltr'>corpore</span> 
     </span>
     <span class='ocr_line' id='line_1_7' title="bbox 281 1272 1403 1359; baseline -0.001 -20"><span class='ocrx_word' id='word_1_53' title='bbox 281 1277 450 1358; x_wconf 83' lang='lat' dir='ltr'>cogitant,</span> <span class='ocrx_word' id='word_1_54' title='bbox 467 1277 545 1359; x_wconf 91' lang='lat' dir='ltr'>quia</span> <span class='ocrx_word' id='word_1_55' title='bbox 565 1283 647 1340; x_wconf 90' lang='lat' dir='ltr'>tunc</span> <span class='ocrx_word' id='word_1_56' title='bbox 667 1274 702 1336; x_wconf 90' lang='lat' dir='ltr'>in</span> <span class='ocrx_word' id='word_1_57' title='bbox 721 1273 853 1356; x_wconf 83' lang='lat' dir='ltr'>spiritu,</span> <span class='ocrx_word' id='word_1_58' title='bbox 872 1272 921 1336; x_wconf 94' lang='lat' dir='ltr'>illi</span> <span class='ocrx_word' id='word_1_59' title='bbox 939 1274 1146 1357; x_wconf 83' lang='lat' dir='ltr'>quandoque</span> <span class='ocrx_word' id='word_1_60' title='bbox 1164 1274 1199 1336; x_wconf 90' lang='lat' dir='ltr'>in</span> <span class='ocrx_word' id='word_1_61' title='bbox 1217 1293 1279 1338; x_wconf 88' lang='lat' dir='ltr'>sua</span> <span class='ocrx_word' id='word_1_62' title='bbox 1294 1273 1403 1338; x_wconf 88' lang='lat' dir='ltr'>socie·</span> 
     </span>
     <span class='ocr_line' id='line_1_8' title="bbox 281 1369 1402 1454; baseline -0.002 -20"><span class='ocrx_word' id='word_1_63' title='bbox 281 1381 355 1435; x_wconf 88' lang='lat' dir='ltr'>tate</span> <span class='ocrx_word' id='word_1_64' title='bbox 372 1379 549 1454; x_wconf 88' lang='lat' dir='ltr'><strong>apparent,</strong></span> <span class='ocrx_word' id='word_1_65' title='bbox 567 1377 603 1432; x_wconf 91' lang='lat' dir='ltr'>et</span> <span class='ocrx_word' id='word_1_66' title='bbox 620 1387 698 1433; x_wconf 89' lang='lat' dir='ltr'>curn</span> <span class='ocrx_word' id='word_1_67' title='bbox 713 1378 896 1450; x_wconf 86' lang='lat' dir='ltr'>apparent,</span> <span class='ocrx_word' id='word_1_68' title='bbox 913 1369 1161 1450; x_wconf 83' lang='lat' dir='ltr'>dignoscuntur</span> <span class='ocrx_word' id='word_1_69' title='bbox 1176 1369 1282 1451; x_wconf 82' lang='lat' dir='ltr'>probe</span> <span class='ocrx_word' id='word_1_70' title='bbox 1297 1389 1318 1432; x_wconf 91' lang='lat' dir='ltr'>a</span> <span class='ocrx_word' id='word_1_71' title='bbox 1333 1369 1402 1452; x_wconf 89' lang='lat' dir='ltr'>spi·</span> 
     </span>
     <span class='ocr_line' id='line_1_9' title="bbox 280 1461 1402 1550; baseline -0.002 -20"><span class='ocrx_word' id='word_1_72' title='bbox 280 1469 402 1532; x_wconf 87' lang='lat' dir='ltr'>ritibus</span> <span class='ocrx_word' id='word_1_73' title='bbox 424 1468 480 1550; x_wconf 93' lang='lat' dir='ltr'>qui</span> <span class='ocrx_word' id='word_1_74' title='bbox 503 1465 548 1530; x_wconf 93' lang='lat' dir='ltr'>ibi</span> <span class='ocrx_word' id='word_1_75' title='bbox 571 1475 662 1540; x_wconf 88' lang='lat' dir='ltr'>sunt,</span> <span class='ocrx_word' id='word_1_76' title='bbox 683 1466 816 1528; x_wconf 90' lang='lat' dir='ltr'>vadunt</span> <span class='ocrx_word' id='word_1_77' title='bbox 839 1465 930 1528; x_wconf 88' lang='lat' dir='ltr'>enim</span> <span class='ocrx_word' id='word_1_78' title='bbox 954 1461 1203 1540; x_wconf 88' lang='lat' dir='ltr'>meditabundi,</span> <span class='ocrx_word' id='word_1_79' title='bbox 1223 1464 1402 1529; x_wconf 89' lang='lat' dir='ltr'>obmutes-</span> 
     </span>
     <span class='ocr_line' id='line_1_10' title="bbox 280 1558 1402 1643; baseline -0.004 -17"><span class='ocrx_word' id='word_1_80' title='bbox 280 1571 374 1637; x_wconf 88' lang='lat' dir='ltr'>cunt,</span> <span class='ocrx_word' id='word_1_81' title='bbox 395 1581 458 1625; x_wconf 86' lang='lat' dir='ltr'>nec</span> <span class='ocrx_word' id='word_1_82' title='bbox 478 1558 637 1643; x_wconf 67' lang='lat' dir='ltr'>spetiant</span> <span class='ocrx_word' id='word_1_83' title='bbox 660 1559 704 1622; x_wconf 89' lang='lat' dir='ltr'>ad</span> <span class='ocrx_word' id='word_1_84' title='bbox 728 1559 825 1635; x_wconf 88' lang='lat' dir='ltr'>alios,</span> <span class='ocrx_word' id='word_1_85' title='bbox 845 1569 926 1622; x_wconf 88' lang='lat' dir='ltr'>sunt</span> <span class='ocrx_word' id='word_1_86' title='bbox 945 1559 1033 1622; x_wconf 86' lang='lat' dir='ltr'>sicut</span> <span class='ocrx_word' id='word_1_87' title='bbox 1052 1577 1121 1622; x_wconf 92' lang='lat' dir='ltr'>non</span> <span class='ocrx_word' id='word_1_88' title='bbox 1139 1559 1281 1623; x_wconf 89' lang='lat' dir='ltr'>videant</span> <span class='ocrx_word' id='word_1_89' title='bbox 1300 1559 1402 1638; x_wconf 89' lang='lat' dir='ltr'>illos;</span> 
     </span>
     <span class='ocr_line' id='line_1_11' title="bbox 280 1653 1380 1740; baseline -0.002 -20"><span class='ocrx_word' id='word_1_90' title='bbox 280 1677 319 1724; x_wconf 91' lang='lat' dir='ltr'>ac</span> <span class='ocrx_word' id='word_1_91' title='bbox 339 1667 377 1721; x_wconf 90' lang='lat' dir='ltr'>ut</span> <span class='ocrx_word' id='word_1_92' title='bbox 394 1658 539 1740; x_wconf 91' lang='lat' dir='ltr'>primum</span> <span class='ocrx_word' id='word_1_93' title='bbox 555 1654 677 1737; x_wconf 89' lang='lat' dir='ltr'>aliquis</span> <span class='ocrx_word' id='word_1_94' title='bbox 696 1655 835 1738; x_wconf 87' lang='lat' dir='ltr'>spiritus</span> <span class='ocrx_word' id='word_1_95' title='bbox 851 1653 929 1718; x_wconf 88' lang='lat' dir='ltr'>illos</span> <span class='ocrx_word' id='word_1_96' title='bbox 945 1654 1141 1738; x_wconf 87' lang='lat' dir='ltr'>alloquitur,</span> <span class='ocrx_word' id='word_1_97' title='bbox 1158 1663 1380 1718; x_wconf 84' lang='lat' dir='ltr'>evanescunt.</span> 
     </span>
    </p>

    <p class='ocr_par' dir='ltr' id='par_1_3' title="bbox 279 1749 1402 2100">
     <span class='ocr_line' id='line_1_12' title="bbox 342 1749 1402 1837; baseline -0.004 -21"><span class='ocrx_word' id='word_1_98' title='bbox 342 1768 445 1837; x_wconf 77' lang='lat'>439.</span> <span class='ocrx_word' id='word_1_99' title='bbox 475 1751 526 1816; x_wconf 92' lang='lat' dir='ltr'>Ut</span> <span class='ocrx_word' id='word_1_100' title='bbox 556 1750 748 1814; x_wconf 81' lang='lat' dir='ltr'>illustretur</span> <span class='ocrx_word' id='word_1_101' title='bbox 770 1749 862 1832; x_wconf 92' lang='lat' dir='ltr'>quod</span> <span class='ocrx_word' id='word_1_102' title='bbox 890 1749 995 1814; x_wconf 91' lang='lat' dir='ltr'>homo</span> <span class='ocrx_word' id='word_1_103' title='bbox 1017 1749 1131 1832; x_wconf 91' lang='lat' dir='ltr'>quoad</span> <span class='ocrx_word' id='word_1_104' title='bbox 1154 1751 1319 1814; x_wconf 89' lang='lat' dir='ltr'>interiora</span> <span class='ocrx_word' id='word_1_105' title='bbox 1341 1770 1402 1813; x_wconf 87' lang='lat' dir='ltr'>sua</span> 
     </span>
     <span class='ocr_line' id='line_1_13' title="bbox 280 1843 1401 1929; baseline -0.002 -19"><span class='ocrx_word' id='word_1_106' title='bbox 280 1847 324 1911; x_wconf 88' lang='lat' dir='ltr'>sit</span> <span class='ocrx_word' id='word_1_107' title='bbox 341 1849 490 1929; x_wconf 80' lang='lat' dir='ltr'>spiritua,</span> <span class='ocrx_word' id='word_1_108' title='bbox 507 1845 610 1908; x_wconf 92' lang='lat' dir='ltr'>velim</span> <span class='ocrx_word' id='word_1_109' title='bbox 630 1845 674 1909; x_wconf 91' lang='lat' dir='ltr'>ab</span> <span class='ocrx_word' id='word_1_110' title='bbox 689 1845 907 1926; x_wconf 85' lang='lat' dir='ltr'>experientia</span> <span class='ocrx_word' id='word_1_111' title='bbox 923 1844 1058 1920; x_wconf 81' lang='lat' dir='ltr'>referre,</span> <span class='ocrx_word' id='word_1_112' title='bbox 1075 1845 1249 1928; x_wconf 92' lang='lat' dir='ltr'>quomodo</span> <span class='ocrx_word' id='word_1_113' title='bbox 1267 1843 1305 1908; x_wconf 90' lang='lat' dir='ltr'>fit</span> <span class='ocrx_word' id='word_1_114' title='bbox 1323 1863 1401 1908; x_wconf 89' lang='lat' dir='ltr'>cum</span> 
     </span>
     <span class='ocr_line' id='line_1_14' title="bbox 279 1939 1400 2024; baseline -0.004 -18"><span class='ocrx_word' id='word_1_115' title='bbox 279 1941 384 2006; x_wconf 92' lang='lat' dir='ltr'>homo</span> <span class='ocrx_word' id='word_1_116' title='bbox 407 1941 587 2004; x_wconf 91' lang='lat' dir='ltr'>abducitur</span> <span class='ocrx_word' id='word_1_117' title='bbox 605 1961 626 2003; x_wconf 88' lang='lat' dir='ltr'>a</span> <span class='ocrx_word' id='word_1_118' title='bbox 648 1959 803 2023; x_wconf 89' lang='lat' dir='ltr'>corpore,</span> <span class='ocrx_word' id='word_1_119' title='bbox 823 1950 860 2004; x_wconf 91' lang='lat' dir='ltr'>et</span> <span class='ocrx_word' id='word_1_120' title='bbox 885 1939 1060 2024; x_wconf 91' lang='lat' dir='ltr'>quomodo</span> <span class='ocrx_word' id='word_1_121' title='bbox 1078 1959 1155 2003; x_wconf 88' lang='lat' dir='ltr'>cum</span> <span class='ocrx_word' id='word_1_122' title='bbox 1179 1959 1200 2003; x_wconf 90' lang='lat' dir='ltr'>a</span> <span class='ocrx_word' id='word_1_123' title='bbox 1223 1939 1343 2022; x_wconf 89' lang='lat' dir='ltr'>spiritu</span> <span class='ocrx_word' id='word_1_124' title='bbox 1365 1939 1400 2002; x_wconf 94' lang='lat' dir='ltr'>in</span> 
     </span>
     <span class='ocr_line' id='line_1_15' title="bbox 279 2035 695 2100; baseline -0.005 0"><span class='ocrx_word' id='word_1_125' title='bbox 279 2037 382 2100; x_wconf 90' lang='lat' dir='ltr'>alium</span> <span class='ocrx_word' id='word_1_126' title='bbox 402 2036 516 2100; x_wconf 92' lang='lat' dir='ltr'>locum</span> <span class='ocrx_word' id='word_1_127' title='bbox 534 2035 695 2099; x_wconf 81' lang='lat' dir='ltr'>aufertur.</span> 
     </span>
    </p>

    <p class='ocr_par' dir='ltr' id='par_1_4' title="bbox 277 2127 1399 3158">
     <span class='ocr_line' id='line_1_16' title="bbox 340 2127 1398 2216; baseline -0.005 -19"><span class='ocrx_word' id='word_1_128' title='bbox 340 2147 445 2216; x_wconf 81' lang='lat'>44⁰.</span> <span class='ocrx_word' id='word_1_129' title='bbox 476 2128 578 2211; x_wconf 89' lang='lat' dir='ltr'>Quod</span> <span class='ocrx_word' id='word_1_130' title='bbox 597 2130 742 2213; x_wconf 89' lang='lat' dir='ltr'>primum</span> <span class='ocrx_word' id='word_1_131' title='bbox 761 2128 901 2204; x_wconf 85' lang='lat' dir='ltr'>attinet,</span> <span class='ocrx_word' id='word_1_132' title='bbox 919 2145 1043 2210; x_wconf 88' lang='lat' dir='ltr'>nempe</span> <span class='ocrx_word' id='word_1_133' title='bbox 1060 2127 1184 2192; x_wconf 88' lang='lat' dir='ltr'>abduci</span> <span class='ocrx_word' id='word_1_134' title='bbox 1206 2149 1227 2192; x_wconf 91' lang='lat' dir='ltr'>a</span> <span class='ocrx_word' id='word_1_135' title='bbox 1245 2147 1398 2209; x_wconf 90' lang='lat' dir='ltr'>corpore,</span> 
     </span>
     <span class='ocr_line' id='line_1_17' title="bbox 278 2223 1398 2305; baseline -0.002 -17"><span class='ocrx_word' id='word_1_136' title='bbox 278 2227 343 2289; x_wconf 90' lang='lat' dir='ltr'>hoc</span> <span class='ocrx_word' id='word_1_137' title='bbox 364 2227 413 2288; x_wconf 93' lang='lat' dir='ltr'>ita</span> <span class='ocrx_word' id='word_1_138' title='bbox 434 2245 471 2288; x_wconf 92' lang='lat' dir='ltr'>se</span> <span class='ocrx_word' id='word_1_139' title='bbox 494 2224 621 2288; x_wconf 90' lang='lat' dir='ltr'>habet:</span> <span class='ocrx_word' id='word_1_140' title='bbox 651 2223 768 2286; x_wconf 90' lang='lat' dir='ltr'>Homo</span> <span class='ocrx_word' id='word_1_141' title='bbox 790 2223 987 2305; x_wconf 90' lang='lat' dir='ltr'>perducitur</span> <span class='ocrx_word' id='word_1_142' title='bbox 1009 2224 1044 2286; x_wconf 94' lang='lat' dir='ltr'>in</span> <span class='ocrx_word' id='word_1_143' title='bbox 1066 2232 1196 2286; x_wconf 90' lang='lat' dir='ltr'>statum</span> <span class='ocrx_word' id='word_1_144' title='bbox 1215 2223 1398 2304; x_wconf 90' lang='lat' dir='ltr'>quendam,</span> 
     </span>
     <span class='ocr_line' id='line_1_18' title="bbox 278 2317 1398 2402; baseline -0.002 -20"><span class='ocrx_word' id='word_1_145' title='bbox 278 2321 334 2402; x_wconf 92' lang='lat' dir='ltr'>qui</span> <span class='ocrx_word' id='word_1_146' title='bbox 350 2319 481 2382; x_wconf 90' lang='lat' dir='ltr'>medius</span> <span class='ocrx_word' id='word_1_147' title='bbox 497 2327 551 2382; x_wconf 88' lang='lat' dir='ltr'>est</span> <span class='ocrx_word' id='word_1_148' title='bbox 568 2320 658 2382; x_wconf 90' lang='lat' dir='ltr'>inter</span> <span class='ocrx_word' id='word_1_149' title='bbox 673 2335 832 2382; x_wconf 90' lang='lat' dir='ltr'>somnum</span> <span class='ocrx_word' id='word_1_150' title='bbox 848 2327 885 2382; x_wconf 91' lang='lat' dir='ltr'>et</span> <span class='ocrx_word' id='word_1_151' title='bbox 900 2317 1064 2400; x_wconf 83' lang='lat' dir='ltr'>vigiliam,</span> <span class='ocrx_word' id='word_1_152' title='bbox 1078 2318 1111 2380; x_wconf 91' lang='lat' dir='ltr'>in</span> <span class='ocrx_word' id='word_1_153' title='bbox 1127 2338 1196 2399; x_wconf 92' lang='lat' dir='ltr'>quo</span> <span class='ocrx_word' id='word_1_154' title='bbox 1210 2327 1306 2382; x_wconf 86' lang='lat' dir='ltr'>statu</span> <span class='ocrx_word' id='word_1_155' title='bbox 1322 2335 1398 2380; x_wconf 91' lang='lat' dir='ltr'>cum</span> 
     </span>
     <span class='ocr_line' id='line_1_19' title="bbox 278 2410 1397 2495; baseline -0.004 -16"><span class='ocrx_word' id='word_1_156' title='bbox 278 2425 342 2490; x_wconf 87' lang='lat' dir='ltr'>est,</span> <span class='ocrx_word' id='word_1_157' title='bbox 367 2433 436 2478; x_wconf 93' lang='lat' dir='ltr'>non</span> <span class='ocrx_word' id='word_1_158' title='bbox 459 2413 560 2477; x_wconf 89' lang='lat' dir='ltr'>aliter</span> <span class='ocrx_word' id='word_1_159' title='bbox 581 2413 668 2476; x_wconf 85' lang='lat' dir='ltr'>scire</span> <span class='ocrx_word' id='word_1_160' title='bbox 690 2421 808 2495; x_wconf 90' lang='lat' dir='ltr'>potest</span> <span class='ocrx_word' id='word_1_161' title='bbox 830 2431 933 2494; x_wconf 91' lang='lat' dir='ltr'>quam</span> <span class='ocrx_word' id='word_1_162' title='bbox 956 2413 1048 2494; x_wconf 92' lang='lat' dir='ltr'>quod</span> <span class='ocrx_word' id='word_1_163' title='bbox 1072 2431 1210 2494; x_wconf 88' lang='lat' dir='ltr'>prorsus</span> <span class='ocrx_word' id='word_1_164' title='bbox 1232 2410 1315 2494; x_wconf 85' lang='lat' dir='ltr'>vigil</span> <span class='ocrx_word' id='word_1_165' title='bbox 1341 2413 1397 2487; x_wconf 86' lang='lat' dir='ltr'>sit,</span> 
     </span>
     <span class='ocr_line' id='line_1_20' title="bbox 278 2508 1399 2590; baseline -0.004 -16"><span class='ocrx_word' id='word_1_166' title='bbox 278 2529 397 2574; x_wconf 86' lang='lat' dir='ltr'>omnes</span> <span class='ocrx_word' id='word_1_167' title='bbox 420 2529 540 2572; x_wconf 85' lang='lat' dir='ltr'>sensus</span> <span class='ocrx_word' id='word_1_168' title='bbox 563 2518 636 2572; x_wconf 90' lang='lat' dir='ltr'>tam</span> <span class='ocrx_word' id='word_1_169' title='bbox 659 2508 781 2590; x_wconf 83' lang='lat' dir='ltr'>vigiles</span> <span class='ocrx_word' id='word_1_170' title='bbox 804 2517 885 2572; x_wconf 89' lang='lat' dir='ltr'>sunt</span> <span class='ocrx_word' id='word_1_171' title='bbox 914 2508 1003 2572; x_wconf 84' lang='lat' dir='ltr'>sicut</span> <span class='ocrx_word' id='word_1_172' title='bbox 1032 2508 1066 2571; x_wconf 94' lang='lat' dir='ltr'>in</span> <span class='ocrx_word' id='word_1_173' title='bbox 1095 2527 1230 2570; x_wconf 87' lang='lat' dir='ltr'>summa</span> <span class='ocrx_word' id='word_1_174' title='bbox 1248 2508 1399 2589; x_wconf 86' lang='lat' dir='ltr'>corporis</span> 
     </span>
     <span class='ocr_line' id='line_1_21' title="bbox 278 2599 1397 2688; baseline -0.003 -20"><span class='ocrx_word' id='word_1_175' title='bbox 278 2605 405 2688; x_wconf 85' lang='lat' dir='ltr'>vigilia,</span> <span class='ocrx_word' id='word_1_176' title='bbox 426 2613 498 2668; x_wconf 91' lang='lat' dir='ltr'>tam</span> <span class='ocrx_word' id='word_1_177' title='bbox 517 2604 608 2666; x_wconf 86' lang='lat' dir='ltr'>visus</span> <span class='ocrx_word' id='word_1_178' title='bbox 627 2623 729 2686; x_wconf 91' lang='lat' dir='ltr'>quam</span> <span class='ocrx_word' id='word_1_179' title='bbox 748 2604 896 2679; x_wconf 86' lang='lat' dir='ltr'>auditus,</span> <span class='ocrx_word' id='word_1_180' title='bbox 916 2611 953 2667; x_wconf 89' lang='lat' dir='ltr'>et</span> <span class='ocrx_word' id='word_1_181' title='bbox 975 2603 1067 2685; x_wconf 92' lang='lat' dir='ltr'>quod</span> <span class='ocrx_word' id='word_1_182' title='bbox 1086 2601 1251 2678; x_wconf 89' lang='lat' dir='ltr'>mirabile,</span> <span class='ocrx_word' id='word_1_183' title='bbox 1272 2599 1397 2679; x_wconf 72' lang='lat' dir='ltr'>tatius,</span> 
     </span>
     <span class='ocr_line' id='line_1_22' title="bbox 278 2698 1397 2783; baseline -0.001 -20"><span class='ocrx_word' id='word_1_184' title='bbox 278 2702 333 2783; x_wconf 92' lang='lat' dir='ltr'>qui</span> <span class='ocrx_word' id='word_1_185' title='bbox 352 2711 435 2763; x_wconf 84' lang='lat' dir='ltr'>tune</span> <span class='ocrx_word' id='word_1_186' title='bbox 454 2699 659 2782; x_wconf 88' lang='lat' dir='ltr'>exquisitior</span> <span class='ocrx_word' id='word_1_187' title='bbox 677 2708 731 2762; x_wconf 88' lang='lat' dir='ltr'>est</span> <span class='ocrx_word' id='word_1_188' title='bbox 749 2717 852 2781; x_wconf 88' lang='lat' dir='ltr'>quam</span> <span class='ocrx_word' id='word_1_189' title='bbox 868 2717 1010 2780; x_wconf 88' lang='lat' dir='ltr'>usquam</span> <span class='ocrx_word' id='word_1_190' title='bbox 1030 2699 1102 2762; x_wconf 91' lang='lat' dir='ltr'>dari</span> <span class='ocrx_word' id='word_1_191' title='bbox 1121 2707 1239 2780; x_wconf 90' lang='lat' dir='ltr'>potest</span> <span class='ocrx_word' id='word_1_192' title='bbox 1258 2698 1292 2760; x_wconf 94' lang='lat' dir='ltr'>in</span> <span class='ocrx_word' id='word_1_193' title='bbox 1310 2699 1397 2780; x_wconf 86' lang='lat' dir='ltr'>vigi·</span> 
     </span>
     <span class='ocr_line' id='line_1_23' title="bbox 277 2793 1397 2875; baseline -0.004 -17"><span class='ocrx_word' id='word_1_194' title='bbox 277 2794 323 2858; x_wconf 87' lang='lat' dir='ltr'>lia</span> <span class='ocrx_word' id='word_1_195' title='bbox 341 2794 514 2875; x_wconf 83' lang='lat' dir='ltr'>corporis:</span> <span class='ocrx_word' id='word_1_196' title='bbox 546 2795 579 2856; x_wconf 94' lang='lat' dir='ltr'>in</span> <span class='ocrx_word' id='word_1_197' title='bbox 603 2813 670 2875; x_wconf 91' lang='lat' dir='ltr'>quo</span> <span class='ocrx_word' id='word_1_198' title='bbox 689 2803 785 2857; x_wconf 87' lang='lat' dir='ltr'>statu</span> <span class='ocrx_word' id='word_1_199' title='bbox 804 2794 908 2857; x_wconf 92' lang='lat' dir='ltr'>etiam</span> <span class='ocrx_word' id='word_1_200' title='bbox 931 2794 994 2856; x_wconf 91' lang='lat' dir='ltr'>visi</span> <span class='ocrx_word' id='word_1_201' title='bbox 1016 2802 1097 2856; x_wconf 88' lang='lat' dir='ltr'>sunt</span> <span class='ocrx_word' id='word_1_202' title='bbox 1116 2793 1255 2874; x_wconf 89' lang='lat' dir='ltr'>spiritus</span> <span class='ocrx_word' id='word_1_203' title='bbox 1277 2801 1313 2856; x_wconf 90' lang='lat' dir='ltr'>et</span> <span class='ocrx_word' id='word_1_204' title='bbox 1336 2812 1397 2854; x_wconf 90' lang='lat' dir='ltr'>an·</span> 
     </span>
     <span class='ocr_line' id='line_1_24' title="bbox 278 2884 1395 2972; baseline -0.003 -20"><span class='ocrx_word' id='word_1_205' title='bbox 278 2889 346 2972; x_wconf 84' lang='lat' dir='ltr'>geli</span> <span class='ocrx_word' id='word_1_206' title='bbox 365 2909 503 2971; x_wconf 90' lang='lat' dir='ltr'>prorsus</span> <span class='ocrx_word' id='word_1_207' title='bbox 522 2889 566 2951; x_wconf 93' lang='lat' dir='ltr'>ad</span> <span class='ocrx_word' id='word_1_208' title='bbox 585 2889 712 2964; x_wconf 89' lang='lat' dir='ltr'>vivum,</span> <span class='ocrx_word' id='word_1_209' title='bbox 729 2889 834 2952; x_wconf 90' lang='lat' dir='ltr'>etiam</span> <span class='ocrx_word' id='word_1_210' title='bbox 850 2889 968 2962; x_wconf 89' lang='lat' dir='ltr'>auditi,</span> <span class='ocrx_word' id='word_1_211' title='bbox 986 2897 1022 2951; x_wconf 92' lang='lat' dir='ltr'>et</span> <span class='ocrx_word' id='word_1_212' title='bbox 1041 2889 1132 2970; x_wconf 91' lang='lat' dir='ltr'>quod</span> <span class='ocrx_word' id='word_1_213' title='bbox 1151 2889 1283 2962; x_wconf 91' lang='lat' dir='ltr'>mirum,</span> <span class='ocrx_word' id='word_1_214' title='bbox 1301 2884 1395 2962; x_wconf 76' lang='lat' dir='ltr'>raeti,</span> 
     </span>
     <span class='ocr_line' id='line_1_25' title="bbox 277 2981 1397 3064; baseline -0.003 -17"><span class='ocrx_word' id='word_1_215' title='bbox 277 2995 312 3047; x_wconf 89' lang='lat' dir='ltr'>et</span> <span class='ocrx_word' id='word_1_216' title='bbox 329 2993 410 3047; x_wconf 89' lang='lat' dir='ltr'>tunc</span> <span class='ocrx_word' id='word_1_217' title='bbox 423 2983 492 3046; x_wconf 86' lang='lat' dir='ltr'>iere</span> <span class='ocrx_word' id='word_1_218' title='bbox 508 2981 591 3044; x_wconf 93' lang='lat' dir='ltr'>nihil</span> <span class='ocrx_word' id='word_1_219' title='bbox 604 2983 755 3064; x_wconf 86' lang='lat' dir='ltr'>corporis</span> <span class='ocrx_word' id='word_1_220' title='bbox 767 2983 941 3046; x_wconf 84' lang='lat' dir='ltr'>intererat.</span> <span class='ocrx_word' id='word_1_221' title='bbox 983 2981 1049 3046; x_wconf 91' lang='lat' dir='ltr'>Hic</span> <span class='ocrx_word' id='word_1_222' title='bbox 1063 2992 1175 3046; x_wconf 86' lang='lat' dir='ltr'>status</span> <span class='ocrx_word' id='word_1_223' title='bbox 1191 2991 1256 3058; x_wconf 89' lang='lat' dir='ltr'>est,</span> <span class='ocrx_word' id='word_1_224' title='bbox 1270 2981 1313 3046; x_wconf 91' lang='lat' dir='ltr'>de</span> <span class='ocrx_word' id='word_1_225' title='bbox 1329 3001 1397 3064; x_wconf 92' lang='lat' dir='ltr'>quo</span> 
     </span>
     <span class='ocr_line' id='line_1_26' title="bbox 277 3075 1396 3158; baseline -0.002 -18"><span class='ocrx_word' id='word_1_226' title='bbox 277 3079 411 3154; x_wconf 90' lang='lat' dir='ltr'>dicitur,</span> <span class='ocrx_word' id='word_1_227' title='bbox 426 3077 547 3140; x_wconf 86' lang='lat' dir='ltr'>abduci</span> <span class='ocrx_word' id='word_1_228' title='bbox 559 3097 580 3141; x_wconf 90' lang='lat' dir='ltr'>a</span> <span class='ocrx_word' id='word_1_229' title='bbox 594 3087 739 3158; x_wconf 82' lang='lat' dir='ltr'>corpore,</span> <span class='ocrx_word' id='word_1_230' title='bbox 752 3086 790 3140; x_wconf 91' lang='lat' dir='ltr'>et</span> <span class='ocrx_word' id='word_1_231' title='bbox 807 3075 930 3140; x_wconf 83' lang='lat' dir='ltr'>nescire</span> <span class='ocrx_word' id='word_1_232' title='bbox 942 3097 1019 3140; x_wconf 88' lang='lat' dir='ltr'>num</span> <span class='ocrx_word' id='word_1_233' title='bbox 1034 3077 1072 3140; x_wconf 83' lang='lat' dir='ltr'>in</span> <span class='ocrx_word' id='word_1_234' title='bbox 1086 3087 1221 3158; x_wconf 76' lang='lat' dir='ltr'>corpore</span> <span class='ocrx_word' id='word_1_235' title='bbox 1231 3075 1287 3140; x_wconf 85' lang='lat' dir='ltr'>vel</span> <span class='ocrx_word' id='word_1_236' title='bbox 1298 3085 1396 3139; x_wconf 80' lang='lat' dir='ltr'>extra</span> 
     </span>
    </p>

    <p class='ocr_par' dir='ltr' id='par_1_5' title="bbox 257 3171 1396 3541">
     <span class='ocr_line' id='line_1_27' title="bbox 257 3171 1396 3256; baseline -0.001 -22"><span class='ocrx_word' id='word_1_237' title='bbox 257 3247 261 3256; x_wconf 38' lang='grc'><strong>,</strong></span> <span class='ocrx_word' id='word_1_238' title='bbox 276 3183 393 3254; x_wconf 77' lang='lat' dir='ltr'>corpus</span> <span class='ocrx_word' id='word_1_239' title='bbox 409 3172 464 3236; x_wconf 83' lang='lat' dir='ltr'>sit.</span> <span class='ocrx_word' id='word_1_240' title='bbox 509 3171 549 3234; x_wconf 91' lang='lat' dir='ltr'>In</span> <span class='ocrx_word' id='word_1_241' title='bbox 568 3171 657 3236; x_wconf 93' lang='lat' dir='ltr'>hunc</span> <span class='ocrx_word' id='word_1_242' title='bbox 674 3181 805 3235; x_wconf 88' lang='lat' dir='ltr'>statum</span> <span class='ocrx_word' id='word_1_243' title='bbox 822 3171 926 3236; x_wconf 93' lang='lat' dir='ltr'>modo</span> <span class='ocrx_word' id='word_1_244' title='bbox 942 3181 996 3234; x_wconf 91' lang='lat' dir='ltr'>ter</span> <span class='ocrx_word' id='word_1_245' title='bbox 1014 3181 1073 3235; x_wconf 91' lang='lat' dir='ltr'>aut</span> <span class='ocrx_word' id='word_1_246' title='bbox 1089 3182 1211 3254; x_wconf 89' lang='lat' dir='ltr'>quater</span> <span class='ocrx_word' id='word_1_247' title='bbox 1226 3173 1396 3236; x_wconf 86' lang='lat' dir='ltr'>immissus</span> 
     </span>
     <span class='ocr_line' id='line_1_28' title="bbox 276 3265 1396 3349; baseline -0.002 -19"><span class='ocrx_word' id='word_1_248' title='bbox 276 3287 361 3343; x_wconf 89' lang='lat' dir='ltr'>sum,</span> <span class='ocrx_word' id='word_1_249' title='bbox 381 3277 419 3330; x_wconf 91' lang='lat' dir='ltr'>ut</span> <span class='ocrx_word' id='word_1_250' title='bbox 438 3267 543 3329; x_wconf 94' lang='lat' dir='ltr'>modo</span> <span class='ocrx_word' id='word_1_251' title='bbox 561 3267 684 3330; x_wconf 85' lang='lat' dir='ltr'>scirem</span> <span class='ocrx_word' id='word_1_252' title='bbox 703 3266 813 3349; x_wconf 90' lang='lat' dir='ltr'>qualis</span> <span class='ocrx_word' id='word_1_253' title='bbox 834 3275 900 3340; x_wconf 88' lang='lat' dir='ltr'>est,</span> <span class='ocrx_word' id='word_1_254' title='bbox 918 3274 954 3329; x_wconf 93' lang='lat' dir='ltr'>et</span> <span class='ocrx_word' id='word_1_255' title='bbox 973 3265 1072 3330; x_wconf 90' lang='lat' dir='ltr'>simul</span> <span class='ocrx_word' id='word_1_256' title='bbox 1092 3267 1184 3348; x_wconf 91' lang='lat' dir='ltr'>quod</span> <span class='ocrx_word' id='word_1_257' title='bbox 1202 3267 1339 3348; x_wconf 89' lang='lat' dir='ltr'>spiritus</span> <span class='ocrx_word' id='word_1_258' title='bbox 1358 3273 1396 3329; x_wconf 92' lang='lat' dir='ltr'>et</span> 
     </span>
     <span class='ocr_line' id='line_1_29' title="bbox 275 3359 1394 3444; baseline -0.001 -19"><span class='ocrx_word' id='word_1_259' title='bbox 275 3362 390 3444; x_wconf 86' lang='lat' dir='ltr'>angeli</span> <span class='ocrx_word' id='word_1_260' title='bbox 409 3362 501 3426; x_wconf 89' lang='lat' dir='ltr'>omni</span> <span class='ocrx_word' id='word_1_261' title='bbox 520 3379 622 3423; x_wconf 87' lang='lat' dir='ltr'>sensu</span> <span class='ocrx_word' id='word_1_262' title='bbox 640 3362 837 3442; x_wconf 86' lang='lat' dir='ltr'>gaudeant;</span> <span class='ocrx_word' id='word_1_263' title='bbox 860 3362 965 3426; x_wconf 90' lang='lat' dir='ltr'>etiarn</span> <span class='ocrx_word' id='word_1_264' title='bbox 985 3359 1089 3424; x_wconf 91' lang='lat' dir='ltr'>homo</span> <span class='ocrx_word' id='word_1_265' title='bbox 1107 3363 1219 3443; x_wconf 89' lang='lat' dir='ltr'>quoad</span> <span class='ocrx_word' id='word_1_266' title='bbox 1238 3361 1394 3441; x_wconf 85' lang='lat' dir='ltr'>spiritum</span> 
     </span>
     <span class='ocr_line' id='line_1_30' title="bbox 276 3453 879 3541; baseline -0.005 -20"><span class='ocrx_word' id='word_1_267' title='bbox 276 3458 412 3541; x_wconf 88' lang='lat' dir='ltr'>quando</span> <span class='ocrx_word' id='word_1_268' title='bbox 431 3453 598 3519; x_wconf 72' lang='lat' dir='ltr'>abdudtus</span> <span class='ocrx_word' id='word_1_269' title='bbox 616 3465 670 3519; x_wconf 86' lang='lat' dir='ltr'>est</span> <span class='ocrx_word' id='word_1_270' title='bbox 688 3476 709 3518; x_wconf 89' lang='lat' dir='ltr'>a</span> <span class='ocrx_word' id='word_1_271' title='bbox 727 3475 879 3538; x_wconf 89' lang='lat' dir='ltr'>corpore.</span> 
     </span>
    </p>

    <p class='ocr_par' dir='ltr' id='par_1_6' title="bbox 273 3549 1394 4684">
     <span class='ocr_line' id='line_1_31' title="bbox 338 3549 1394 3635; baseline 0 -21"><span class='ocrx_word' id='word_1_272' title='bbox 338 3567 435 3635; x_wconf 76' lang='lat'>441·</span> <span class='ocrx_word' id='word_1_273' title='bbox 466 3549 568 3631; x_wconf 87' lang='lat' dir='ltr'>Quod</span> <span class='ocrx_word' id='word_1_274' title='bbox 592 3551 739 3614; x_wconf 90' lang='lat' dir='ltr'>alterum</span> <span class='ocrx_word' id='word_1_275' title='bbox 758 3552 897 3624; x_wconf 89' lang='lat' dir='ltr'>attinet,</span> <span class='ocrx_word' id='word_1_276' title='bbox 917 3569 938 3613; x_wconf 93' lang='lat' dir='ltr'>a</span> <span class='ocrx_word' id='word_1_277' title='bbox 960 3550 1080 3632; x_wconf 87' lang='lat' dir='ltr'>spiritu</span> <span class='ocrx_word' id='word_1_278' title='bbox 1103 3551 1137 3613; x_wconf 91' lang='lat' dir='ltr'>in</span> <span class='ocrx_word' id='word_1_279' title='bbox 1160 3551 1262 3614; x_wconf 90' lang='lat' dir='ltr'>alium</span> <span class='ocrx_word' id='word_1_280' title='bbox 1281 3549 1394 3614; x_wconf 91' lang='lat' dir='ltr'>locum</span> 
     </span>
     <span class='ocr_line' id='line_1_32' title="bbox 275 3643 1393 3726; baseline -0.002 -16"><span class='ocrx_word' id='word_1_281' title='bbox 275 3647 407 3721; x_wconf 85' lang='lat' dir='ltr'>auferri,</span> <span class='ocrx_word' id='word_1_282' title='bbox 428 3656 606 3710; x_wconf 88' lang='lat' dir='ltr'>ostensum</span> <span class='ocrx_word' id='word_1_283' title='bbox 629 3654 685 3710; x_wconf 88' lang='lat' dir='ltr'>est</span> <span class='ocrx_word' id='word_1_284' title='bbox 707 3643 790 3708; x_wconf 91' lang='lat' dir='ltr'>mihi</span> <span class='ocrx_word' id='word_1_285' title='bbox 813 3665 874 3726; x_wconf 91' lang='lat' dir='ltr'>per</span> <span class='ocrx_word' id='word_1_286' title='bbox 895 3645 1009 3708; x_wconf 87' lang='lat' dir='ltr'>vivam</span> <span class='ocrx_word' id='word_1_287' title='bbox 1032 3645 1293 3726; x_wconf 88' lang='lat' dir='ltr'>experientiam,</span> <span class='ocrx_word' id='word_1_288' title='bbox 1313 3645 1393 3726; x_wconf 91' lang='lat' dir='ltr'>quid</span> 
     </span>
     <span class='ocr_line' id='line_1_33' title="bbox 274 3738 1393 3823; baseline -0.004 -17"><span class='ocrx_word' id='word_1_289' title='bbox 274 3743 331 3818; x_wconf 89' lang='lat' dir='ltr'>sit,</span> <span class='ocrx_word' id='word_1_290' title='bbox 351 3751 386 3805; x_wconf 91' lang='lat' dir='ltr'>et</span> <span class='ocrx_word' id='word_1_291' title='bbox 406 3739 580 3823; x_wconf 91' lang='lat' dir='ltr'>quomodo</span> <span class='ocrx_word' id='word_1_292' title='bbox 598 3739 647 3816; x_wconf 83' lang='lat' dir='ltr'>fit,</span> <span class='ocrx_word' id='word_1_293' title='bbox 668 3739 729 3803; x_wconf 85' lang='lat' dir='ltr'>sed</span> <span class='ocrx_word' id='word_1_294' title='bbox 748 3739 813 3803; x_wconf 91' lang='lat' dir='ltr'>hoc</span> <span class='ocrx_word' id='word_1_295' title='bbox 833 3738 944 3802; x_wconf 88' lang='lat' dir='ltr'>solum</span> <span class='ocrx_word' id='word_1_296' title='bbox 962 3740 1014 3804; x_wconf 86' lang='lat' dir='ltr'>bis</span> <span class='ocrx_word' id='word_1_297' title='bbox 1033 3749 1069 3804; x_wconf 89' lang='lat' dir='ltr'>et</span> <span class='ocrx_word' id='word_1_298' title='bbox 1092 3749 1167 3818; x_wconf 88' lang='lat' dir='ltr'>ter;</span> <span class='ocrx_word' id='word_1_299' title='bbox 1201 3739 1311 3804; x_wconf 90' lang='lat' dir='ltr'>solam</span> <span class='ocrx_word' id='word_1_300' title='bbox 1329 3759 1393 3802; x_wconf 90' lang='lat' dir='ltr'>ex·</span> 
     </span>
     <span class='ocr_line' id='line_1_34' title="bbox 274 3833 1393 3921; baseline -0.002 -21"><span class='ocrx_word' id='word_1_301' title='bbox 274 3837 477 3921; x_wconf 75' lang='lat' dir='ltr'>parientiam</span> <span class='ocrx_word' id='word_1_302' title='bbox 496 3836 599 3900; x_wconf 92' lang='lat' dir='ltr'>velim</span> <span class='ocrx_word' id='word_1_303' title='bbox 623 3833 751 3899; x_wconf 80' lang='lat' dir='ltr'>afferre.</span> <span class='ocrx_word' id='word_1_304' title='bbox 798 3835 861 3898; x_wconf 88' lang='lat' dir='ltr'>Per</span> <span class='ocrx_word' id='word_1_305' title='bbox 882 3834 1018 3915; x_wconf 83' lang='lat' dir='ltr'>plateas</span> <span class='ocrx_word' id='word_1_306' title='bbox 1037 3835 1140 3910; x_wconf 89' lang='lat' dir='ltr'>urbis,</span> <span class='ocrx_word' id='word_1_307' title='bbox 1160 3843 1196 3900; x_wconf 89' lang='lat' dir='ltr'>et</span> <span class='ocrx_word' id='word_1_308' title='bbox 1220 3855 1280 3916; x_wconf 88' lang='lat' dir='ltr'>per</span> <span class='ocrx_word' id='word_1_309' title='bbox 1299 3853 1393 3898; x_wconf 89' lang='lat' dir='ltr'>cam·</span> 
     </span>
     <span class='ocr_line' id='line_1_35' title="bbox 274 3929 1391 4015; baseline -0.002 -21"><span class='ocrx_word' id='word_1_310' title='bbox 274 3932 403 4015; x_wconf 85' lang='lat' dir='ltr'>pestria</span> <span class='ocrx_word' id='word_1_311' title='bbox 420 3930 611 4005; x_wconf 85' lang='lat' dir='ltr'>ambulans,</span> <span class='ocrx_word' id='word_1_312' title='bbox 632 3939 714 3993; x_wconf 90' lang='lat' dir='ltr'>tunc</span> <span class='ocrx_word' id='word_1_313' title='bbox 733 3949 868 4012; x_wconf 91' lang='lat' dir='ltr'>quoque</span> <span class='ocrx_word' id='word_1_314' title='bbox 891 3930 925 3992; x_wconf 93' lang='lat' dir='ltr'>in</span> <span class='ocrx_word' id='word_1_315' title='bbox 948 3929 1085 4011; x_wconf 87' lang='lat' dir='ltr'>loquela</span> <span class='ocrx_word' id='word_1_316' title='bbox 1107 3949 1184 3994; x_wconf 88' lang='lat' dir='ltr'>cum</span> <span class='ocrx_word' id='word_1_317' title='bbox 1203 3930 1391 4010; x_wconf 89' lang='lat' dir='ltr'>spiritibus,</span> 
     </span>
     <span class='ocr_line' id='line_1_36' title="bbox 275 4025 1392 4110; baseline 0 -20"><span class='ocrx_word' id='word_1_318' title='bbox 275 4045 342 4090; x_wconf 93' lang='lat' dir='ltr'>non</span> <span class='ocrx_word' id='word_1_319' title='bbox 361 4027 462 4090; x_wconf 90' lang='lat' dir='ltr'>aliter</span> <span class='ocrx_word' id='word_1_320' title='bbox 480 4027 562 4090; x_wconf 86' lang='lat' dir='ltr'>scivi</span> <span class='ocrx_word' id='word_1_321' title='bbox 581 4045 683 4110; x_wconf 89' lang='lat' dir='ltr'>quam</span> <span class='ocrx_word' id='word_1_322' title='bbox 701 4027 792 4109; x_wconf 88' lang='lat' dir='ltr'>quod</span> <span class='ocrx_word' id='word_1_323' title='bbox 812 4028 862 4090; x_wconf 90' lang='lat' dir='ltr'>ita</span> <span class='ocrx_word' id='word_1_324' title='bbox 879 4025 962 4107; x_wconf 84' lang='lat' dir='ltr'>vigil</span> <span class='ocrx_word' id='word_1_325' title='bbox 981 4045 1093 4090; x_wconf 85' lang='lat' dir='ltr'>essem</span> <span class='ocrx_word' id='word_1_326' title='bbox 1109 4037 1145 4090; x_wconf 87' lang='lat' dir='ltr'>et</span> <span class='ocrx_word' id='word_1_327' title='bbox 1163 4027 1285 4090; x_wconf 86' lang='lat' dir='ltr'>videns</span> <span class='ocrx_word' id='word_1_328' title='bbox 1304 4027 1392 4090; x_wconf 84' lang='lat' dir='ltr'>sicut</span> 
     </span>
     <span class='ocr_line' id='line_1_37' title="bbox 273 4121 1392 4204; baseline -0.002 -18"><span class='ocrx_word' id='word_1_329' title='bbox 273 4122 348 4186; x_wconf 87' lang='lat' dir='ltr'>aliis</span> <span class='ocrx_word' id='word_1_330' title='bbox 371 4123 603 4203; x_wconf 87' lang='lat' dir='ltr'>temporibus;</span> <span class='ocrx_word' id='word_1_331' title='bbox 628 4122 677 4186; x_wconf 92' lang='lat' dir='ltr'>ita</span> <span class='ocrx_word' id='word_1_332' title='bbox 694 4121 874 4185; x_wconf 89' lang='lat' dir='ltr'>ambulans</span> <span class='ocrx_word' id='word_1_333' title='bbox 892 4121 1022 4204; x_wconf 87' lang='lat' dir='ltr'>absque</span> <span class='ocrx_word' id='word_1_334' title='bbox 1041 4142 1173 4199; x_wconf 90' lang='lat' dir='ltr'>errore;</span> <span class='ocrx_word' id='word_1_335' title='bbox 1200 4131 1237 4186; x_wconf 94' lang='lat' dir='ltr'>et</span> <span class='ocrx_word' id='word_1_336' title='bbox 1259 4123 1392 4186; x_wconf 89' lang='lat' dir='ltr'>interea</span> 
     </span>
     <span class='ocr_line' id='line_1_38' title="bbox 273 4216 1390 4299; baseline -0.002 -18"><span class='ocrx_word' id='word_1_337' title='bbox 273 4219 306 4281; x_wconf 92' lang='lat' dir='ltr'>in</span> <span class='ocrx_word' id='word_1_338' title='bbox 336 4218 466 4280; x_wconf 90' lang='lat' dir='ltr'>visione</span> <span class='ocrx_word' id='word_1_339' title='bbox 496 4236 600 4292; x_wconf 91' lang='lat' dir='ltr'>eram,</span> <span class='ocrx_word' id='word_1_340' title='bbox 630 4216 751 4280; x_wconf 88' lang='lat' dir='ltr'>videns</span> <span class='ocrx_word' id='word_1_341' title='bbox 785 4217 891 4292; x_wconf 88' lang='lat' dir='ltr'>lucos,</span> <span class='ocrx_word' id='word_1_342' title='bbox 921 4216 1053 4292; x_wconf 85' lang='lat' dir='ltr'>fluvios,</span> <span class='ocrx_word' id='word_1_343' title='bbox 1085 4217 1226 4299; x_wconf 89' lang='lat' dir='ltr'>palatia,</span> <span class='ocrx_word' id='word_1_344' title='bbox 1257 4217 1390 4292; x_wconf 88' lang='lat' dir='ltr'>domus,</span> 
     </span>
     <span class='ocr_line' id='line_1_39' title="bbox 273 4310 1389 4396; baseline -0.002 -20"><span class='ocrx_word' id='word_1_345' title='bbox 273 4314 440 4388; x_wconf 89' lang='lat' dir='ltr'>homines,</span> <span class='ocrx_word' id='word_1_346' title='bbox 458 4323 493 4376; x_wconf 91' lang='lat' dir='ltr'>et</span> <span class='ocrx_word' id='word_1_347' title='bbox 511 4312 616 4394; x_wconf 90' lang='lat' dir='ltr'>plura.</span> <span class='ocrx_word' id='word_1_348' title='bbox 662 4310 730 4376; x_wconf 91' lang='lat' dir='ltr'>Sed</span> <span class='ocrx_word' id='word_1_349' title='bbox 747 4323 929 4396; x_wconf 89' lang='lat' dir='ltr'>postquam</span> <span class='ocrx_word' id='word_1_350' title='bbox 945 4313 995 4376; x_wconf 90' lang='lat' dir='ltr'>ita</span> <span class='ocrx_word' id='word_1_351' title='bbox 1013 4333 1073 4396; x_wconf 87' lang='lat' dir='ltr'>per</span> <span class='ocrx_word' id='word_1_352' title='bbox 1088 4312 1189 4376; x_wconf 90' lang='lat' dir='ltr'>horas</span> <span class='ocrx_word' id='word_1_353' title='bbox 1206 4311 1389 4386; x_wconf 86' lang='lat' dir='ltr'>ambulavi,</span> 
     </span>
     <span class='ocr_line' id='line_1_40' title="bbox 274 4407 1390 4490; baseline -0.001 -19"><span class='ocrx_word' id='word_1_354' title='bbox 274 4409 389 4471; x_wconf 87' lang='lat' dir='ltr'>subito</span> <span class='ocrx_word' id='word_1_355' title='bbox 407 4427 499 4470; x_wconf 90' lang='lat' dir='ltr'>eram</span> <span class='ocrx_word' id='word_1_356' title='bbox 518 4410 552 4470; x_wconf 95' lang='lat' dir='ltr'>in</span> <span class='ocrx_word' id='word_1_357' title='bbox 570 4409 644 4471; x_wconf 88' lang='lat' dir='ltr'>visu</span> <span class='ocrx_word' id='word_1_358' title='bbox 663 4409 827 4490; x_wconf 86' lang='lat' dir='ltr'>corporis,</span> <span class='ocrx_word' id='word_1_359' title='bbox 846 4417 883 4470; x_wconf 92' lang='lat' dir='ltr'>et</span> <span class='ocrx_word' id='word_1_360' title='bbox 903 4408 1131 4471; x_wconf 86' lang='lat' dir='ltr'>animadverti</span> <span class='ocrx_word' id='word_1_361' title='bbox 1150 4407 1241 4490; x_wconf 91' lang='lat' dir='ltr'>quod</span> <span class='ocrx_word' id='word_1_362' title='bbox 1269 4408 1303 4472; x_wconf 89' lang='lat' dir='ltr'>in</span> <span class='ocrx_word' id='word_1_363' title='bbox 1322 4408 1390 4471; x_wconf 90' lang='lat' dir='ltr'>alio</span> 
     </span>
     <span class='ocr_line' id='line_1_41' title="bbox 273 4500 1389 4586; baseline -0.002 -18"><span class='ocrx_word' id='word_1_364' title='bbox 273 4504 351 4568; x_wconf 88' lang='lat' dir='ltr'>loco</span> <span class='ocrx_word' id='word_1_365' title='bbox 373 4523 504 4578; x_wconf 86' lang='lat' dir='ltr'>essem;</span> <span class='ocrx_word' id='word_1_366' title='bbox 535 4523 603 4586; x_wconf 91' lang='lat' dir='ltr'>quo</span> <span class='ocrx_word' id='word_1_367' title='bbox 626 4500 883 4586; x_wconf 70' lang='lat' dir='ltr'>obstupefattus</span> <span class='ocrx_word' id='word_1_368' title='bbox 905 4503 1007 4566; x_wconf 91' lang='lat' dir='ltr'>valde</span> <span class='ocrx_word' id='word_1_369' title='bbox 1029 4503 1211 4585; x_wconf 88' lang='lat' dir='ltr'>appercepi</span> <span class='ocrx_word' id='word_1_370' title='bbox 1234 4503 1326 4585; x_wconf 92' lang='lat' dir='ltr'>quod</span> <span class='ocrx_word' id='word_1_371' title='bbox 1355 4503 1389 4566; x_wconf 93' lang='lat' dir='ltr'>in</span> 
     </span>
     <span class='ocr_line' id='line_1_42' title="bbox 273 4597 1388 4684; baseline 0 -22"><span class='ocrx_word' id='word_1_372' title='bbox 273 4599 333 4662; x_wconf 91' lang='lat' dir='ltr'>tali</span> <span class='ocrx_word' id='word_1_373' title='bbox 360 4608 455 4663; x_wconf 86' lang='lat' dir='ltr'>statu</span> <span class='ocrx_word' id='word_1_374' title='bbox 474 4599 604 4673; x_wconf 81' lang='lat' dir='ltr'>fuerim,</span> <span class='ocrx_word' id='word_1_375' title='bbox 624 4599 659 4661; x_wconf 91' lang='lat' dir='ltr'>in</span> <span class='ocrx_word' id='word_1_376' title='bbox 687 4619 754 4682; x_wconf 88' lang='lat' dir='ltr'>quo</span> <span class='ocrx_word' id='word_1_377' title='bbox 774 4598 833 4674; x_wconf 92' lang='lat' dir='ltr'>illi,</span> <span class='ocrx_word' id='word_1_378' title='bbox 854 4599 896 4662; x_wconf 90' lang='lat' dir='ltr'>de</span> <span class='ocrx_word' id='word_1_379' title='bbox 925 4599 1046 4681; x_wconf 89' lang='lat' dir='ltr'>quibus</span> <span class='ocrx_word' id='word_1_380' title='bbox 1065 4599 1199 4674; x_wconf 88' lang='lat' dir='ltr'>dicitur,</span> <span class='ocrx_word' id='word_1_381' title='bbox 1219 4597 1310 4684; x_wconf 92' lang='lat' dir='ltr'>quod</span> <span class='ocrx_word' id='word_1_382' title='bbox 1329 4599 1388 4663; x_wconf 86' lang='lat' dir='ltr'>ab·</span> 
     </span>
    </p>
   </div>
   <div class='ocr_carea' id='block_1_3' title="bbox 0 0 1708 5358">
    <p class='ocr_par' dir='ltr' id='par_1_7' title="bbox 0 0 1708 5358">
     <span class='ocr_line' id='line_1_43' title="bbox 0 0 1708 5358; baseline 0 4"><span class='ocrx_word' id='word_1_383' title='bbox 0 0 1708 5358; x_wconf 95' lang='lat' dir='ltr'> </span> 
     </span>
    </p>
   </div>
  </div>
 </body>
</html>
