3350 5366
943 269 958 312 t
974 211 1107 298 ’9Ρῆ
1119 269 1140 318 'r

991 319 1022 352 οῗ
1036 323 1088 355 Tu

364 607 414 660 on
433 606 609 660 secunno
628 607 751 661 sumu
770 607 935 662 nonnus
953 580 1051 662 r‘o'si‘
1061 508 1240 661 nriiffln.
1312 613 1374 682 321

255 778 438 844 Recedunt
457 779 563 842 etiarn
582 779 629 842 sic
653 799 673 842 a
692 776 813 844 sancto
829 789 978 844 externo
997 789 1033 844 et
1055 779 1197 844 veniunt
1215 781 1254 845 'in
1278 801 1376 847 sanc-

255 885 329 940 tum
348 877 535 950 internum,
554 876 587 940 in
611 895 679 958 quo
697 877 767 960 ipse-
788 876 900 940 cultus
919 897 998 940 vere
1019 877 1199 954 consistit;
1225 877 1304 941 talis
1324 889 1377 942 est

253 977 368 1034 status
386 968 534 1044 illorum,
551 969 607 1052 qui
626 971 814 1033 secundum
835 980 1022 1054 praecepta
1040 971 1074 1034 in
1094 969 1213 1034 Verbo
1232 969 1376 1036 Christi-

254 1083 356 1128 anam
386 1065 494 1128 vitam
524 1075 680 1146 egerunt.
727 1063 779 1129 At
807 1084 944 1147 prorsus
968 1066 1159 1130 contrarius
1182 1074 1237 1128 est
1265 1076 1376 1131 status

252 1160 400 1234 illorum,
421 1161 477 1242 qui
500 1161 534 1222 in
558 1161 687 1224 mundo
709 1161 742 1224 in
767 1161 860 1225 malo
882 1149 1056 1238 vixerunt,
1077 1171 1112 1226 et
1136 1161 1258 1244 quibus
1282 1161 1376 1225 nulla

252 1256 476 1333 conscientia,
494 1265 529 1320 et
548 1257 627 1320 inde
644 1266 859 1339 negaverunt
876 1256 1037 1321 Divinum
1052 1277 1060 1336 ;
1084 1275 1163 1320 nam
1180 1276 1301 1320 omnes
1319 1259 1375 1339 qui

252 1349 286 1414 in
309 1351 402 1414 malo
420 1352 553 1426 vivunt,
573 1351 716 1417 interius
737 1353 770 1416 in
794 1373 831 1416 se
851 1362 983 1435 negant
1005 1352 1179 1428 Divinum,
1200 1362 1372 1435 utcunque

251 1465 328 1508 cum
345 1447 378 1508 in
396 1447 551 1510 externis
567 1457 647 1510 sunt
664 1457 790 1531 putant
807 1469 844 1511 se
864 1467 933 1512 non
950 1467 1077 1528 negare
1093 1447 1155 1510 sed
1170 1467 1372 1530 agnoscere,

252 1559 331 1604 nam
359 1561 551 1624 agnoscere
575 1541 737 1606 Divinum
764 1563 804 1606 ac
831 1542 922 1606 male
948 1543 1075 1617 vivere,
1099 1544 1260 1627 opposita
1281 1553 1371 1608 sunt.

251 1633 319 1720 Qui
334 1637 422 1701 tales
434 1648 526 1712 sunt,
538 1649 707 1720 apparent
724 1641 757 1702 in
773 1637 884 1702 altera
899 1639 983 1714 vita,
995 1657 1071 1702 cum
1088 1639 1122 1702 in
1139 1648 1270 1703 statum
1282 1639 1372 1702 inte·

250 1731 374 1796 riorum
390 1751 527 1797 suorum
543 1736 696 1810 veniunt,
712 1753 789 1798 cum
805 1734 988 1798 audiuntur
1006 1733 1098 1816 loqui
1117 1744 1153 1798 et
1172 1733 1373 1816 spodiantur

249 1847 364 1910 agere,
378 1830 467 1893 sicut
486 1831 590 1908 iatui;
610 1849 688 1893 nam
706 1851 725 1892 a
741 1831 809 1893 suis
825 1830 1069 1910 cupiditatibus
1081 1829 1179 1892 malis
1191 1841 1372 1912 erumpunt

249 1924 283 1986 in
307 1923 447 1998 nefaria,
471 1925 505 1988 in
533 1935 755 2006 contemptus
779 1925 934 1999 aliorum,
958 1926 993 1988 in
1024 1925 1312 1990 subsannationes
1335 1936 1370 1989 et

249 2019 493 2102 blasphemias,
511 2021 544 2082 in
561 2021 650 2096 odia,
667 2022 701 2083 in
717 2018 897 2093 vindidias,
915 2019 1154 2084 machinantur
1169 2020 1279 2094 dolos,
1290 2023 1370 2103 .qui·

249 2115 329 2178 dam
349 2134 466 2178 eorum
486 2115 548 2178 tali
567 2116 696 2179 astutia
719 2125 755 2179 et
779 2115 921 2190 malitia,
942 2125 980 2179 ut
1003 2117 1062 2179 vix
1086 2116 1178 2178 credi
1202 2116 1312 2196 possit
1332 2124 1371 2180 ut

249 2210 369 2276 similis
392 2210 492 2274 luerit
512 2211 604 2274 intus
627 2211 661 2274 in
686 2211 801 2294 aliquo
819 2211 978 2274 homine:
1012 2221 1092 2274 sunt
1115 2211 1206 2274 enim
1230 2220 1312 2274 ωηο
1336 2213 1369 2274 in

153 2358 155 2366 .
249 2315 344 2370 statu
367 2305 477 2369 libero
495 2307 622 2387 agendi
641 2307 828 2369 secundum
847 2306 1040 2370 voluntatis
1060 2325 1177 2369 eorum
1201 2306 1368 2387 cogitata,
1436 2335 1438 2340 ·

247 2401 326 2482 quia
341 2402 490 2483 separati
507 2402 551 2464 ab
566 2402 804 2476 exterioribus
821 2420 907 2483 quae
922 2397 1001 2464 illos
1018 2400 1051 2464 in
1068 2401 1196 2464 mundo
1208 2419 1368 2466 coercue-

247 2505 325 2559 runt
344 2505 380 2560 et
399 2496 631 2559 refrenarunt:
657 2497 773 2571 verbo,
794 2506 875 2560 sunt
893 2495 1132 2559 rationalitate
1151 2495 1273 2571 orbati,
1291 2498 1370 2578 quia

247 2589 416 2656 rationale
440 2593 473 2655 in
494 2592 622 2656 mundo
638 2611 706 2664 non
723 2589 926 2656 ¹¹¹resederat
948 2592 982 2654 in
1002 2590 1219 2654 interioribus
1238 2611 1367 2668 eorum,

246 2687 306 2750 sed
323 2687 356 2750 in
373 2687 617 2750 exterioribus:
651 2696 689 2750 at
705 2707 812 2770 usque
828 2697 909 2750 ωηο
923 2695 1091 2768 apparent
1103 2687 1167 2748 sibi
1182 2686 1264 2768 ipsis
1277 2685 1368 2770 sapiss

245 2791 345 2845 entes
357 2801 439 2865 prae
455 2783 540 2846 aliis.
587 2780 677 2864 Quia
689 2781 778 2847 tales
794 2793 884 2856 sunt,
898 2782 976 2844 ideo
989 2799 1066 2848 curn
1082 2781 1116 2843 in
1133 2781 1285 2844 secundo
1301 2780 1367 2845 hoc

245 2887 340 2940 statu
356 2887 447 2952 sunt,
460 2877 684 2942 remittuntur
699 2897 759 2959 per
774 2877 897 2940 breves
908 2877 1003 2939 vices
1018 2877 1053 2938 in
1066 2885 1196 2939 statum
1214 2877 1367 2940 exterio·

245 2991 317 3036 rum
337 2991 485 3049 suorum,
506 2983 542 3037 et
564 2982 645 3036 tunc
669 2973 702 3034 in
726 2973 927 3036 memoriam
947 2969 1101 3035 actorum
1120 2991 1269 3046 suorum,
1289 2985 1366 3036 cum

245 3067 379 3132 luerunt
403 3068 437 3130 in
460 3079 553 3132 statu
577 3069 789 3133 interiorum.
840 3065 989 3148 Quidam
1013 3077 1095 3130 tunc
1119 3065 1305 3148 pudefiunt,
1330 3077 1366 3130 et

245 3173 438 3244 agnoscunt
448 3164 539 3246 quod
552 3163 661 3226 insani
673 3162 796 3226 suerint
812 3183 819 3240 ;
843 3163 981 3245 quidam
994 3181 1063 3226 non
1077 3159 1274 3243 pudefiunt;
1293 3163 1366 3244 qui·

245 3257 322 3322 dam
341 3259 565 3340 indignantur
583 3259 674 3342 quod
694 3277 763 3320 non
783 3257 887 3321 liceat
906 3257 973 3320 illis
989 3257 1023 3320 in
1043 3267 1139 3320 statu
1154 3257 1362 3320 exteriorum

244 3372 380 3417 suorum
394 3355 556 3417 continue
568 3373 645 3417 esse
657 3373 664 3429 ;
685 3352 746 3416 sed
759 3352 813 3416 his
825 3353 1031 3427 ostenditur,
1043 3351 1161 3436 quales
1173 3351 1275 3414 futuri
1288 3352 1315 3414 si
1332 3353 1366 3414 in

243 3449 309 3514 hoc
326 3461 422 3514 statu
438 3451 602 3514 continue
618 3458 747 3524 essent,
761 3450 853 3533 quod
870 3467 993 3530 nempe
1010 3447 1133 3512 similia
1150 3447 1366 3511 clandestine

244 3545 457 3620 molirentur,
477 3565 516 3608 ac
540 3565 600 3627 per
623 3545 844 3627 apparentiae
866 3545 959 3618 boni,
980 3543 1114 3618 sinceri,
1138 3552 1174 3606 et
1195 3541 1286 3624 justi,
1310 3563 1364 3606 se·

243 3641 409 3706 ducerent
428 3641 602 3723 simplices
621 3641 725 3704 corde
748 3649 785 3704 et
807 3639 884 3713 fide,
904 3649 941 3704 et
964 3640 1027 3720 ipsi
1051 3649 1162 3702 semet
1181 3637 1364 3719 perderent

243 3737 275 3800 in
293 3746 425 3814 totum;
450 3755 529 3799 nam
546 3737 720 3799 exteriora
733 3735 917 3816 flagrarent
933 3735 1076 3798 tandem
1088 3733 1188 3797 simili
1205 3733 1365 3797 incendio

246 3853 313 3916 quo
332 3834 506 3908 interiora,
527 3833 618 3915 quod
635 3840 854 3896 consumeret
874 3850 1012 3894 omnem
1032 3833 1140 3894 vitam
1160 3848 1288 3893 eorum.

305 3939 407 4010 Μ.
437 3927 521 3993 Cum
542 3929 682 4010 spiritus
705 3929 739 3991 in
762 3927 916 3990 secundo
934 3927 999 3990 hoc
1024 3936 1118 3990 statu
1141 3935 1234 4000 sunt,
1254 3944 1360 4008 appa·

242 4033 320 4087 rent
340 4023 390 4088 illi
411 4043 547 4108 prorsus
563 4024 682 4108 quales
698 4025 732 4086 in
752 4043 788 4086 se
806 4022 940 4086 luerunt
960 4023 993 4086 in
1014 4021 1152 4095 mundo,
1169 4031 1205 4084 et
1228 4039 1363 4103 quoque

243 4119 468 4203 propalantur
490 4141 576 4204 quae
607 4121 640 4182 in
663 4119 870 4182 abscondito
893 4127 1038 4201 egerunt
1068 4127 1104 4182 et
1134 4117 1239 4181 locuti
1262 4125 1362 4192 sunt;

243 4235 322 4278 nam
347 4226 442 4292 tunc,
467 4218 546 4300 quia
563 4227 712 4280 externa
736 4234 805 4278 non
835 4223 1009 4288 coercent,
1035 4213 1220 4298 loquuntur
1242 4221 1362 4293 aperte

242 4311 376 4388 slmilia,
397 4317 591 4394 et'quoque
609 4319 778 4374 conantur
801 4329 904 4392 agere
923 4309 1057 4384 similia,
1078 4327 1142 4373 nec
1166 4307 1290 4370 timent
1313 4305 1362 4370 la·

242 4426 333 4471 mam
358 4407 452 4472 utin
476 4405 624 4471 mundo:
654 4405 809 4470 seruntur
827 4405 930 4469 etiam
954 4413 1036 4468 tunc
1060 4405 1094 4467 in
1117 4402 1230 4486 plures
1249 4410 1362 4465 status

241 4501 408 4584 malorum
431 4521 580 4578 suorum,
605 4509 642 4564 ut
668 4499 859 4583 appareant
882 4499 1015 4581 angelis
1045 4507 1081 4563 et
1114 4497 1214 4562 bonis
1236 4496 1361 4580 spiriti·

241 4597 303 4661 bus
316 4597 434 4682 quales
450 4607 541 4661 sunt.
579 4593 635 4660 Sic
652 4595 857 4660 abscondita
873 4595 1081 4678 aperiuntur,
1095 4603 1130 4658 et
1146 4592 1363 4658 clandestina
