3368 5356
346 607 724 661 CORRESPONDENTIA
739 607 855 658 CAELI
870 606 950 658 CUM
968 603 1137 658 OMNIBUS
1153 601 1350 653 TELLURIS.
1375 587 1417 668 63

201 852 204 856 .
293 780 621 865 eonespondentias
650 780 686 844 in
713 778 828 843 omnia
852 777 980 854 mundi,
1004 796 1075 840 non
1097 775 1237 840 daretur
1259 773 1417 856 angelus,

294 897 357 941 nec
374 877 515 940 daretur
530 875 646 940 homo.
689 873 774 938 Inde
791 875 911 936 iterum
929 881 1040 954 patet,
1055 891 1113 934 cur
1130 870 1298 936 Dominus
1310 867 1419 936 ladius

295 982 348 1040 est
375 971 501 1048 Homo,
522 991 562 1036 ac
586 970 696 1034 induit
716 969 878 1032 Divinum
899 987 995 1030 suum
1017 966 1180 1034 Humano
1203 987 1223 1028 a
1247 965 1356 1046 primo
1373 965 1418 1030 ad

181 1125 183 1132 .
295 1068 463 1140 ultImum
488 1067 579 1150 quod
612 1065 723 1140 suerit,
747 1065 909 1147 quoniam
940 1064 1102 1128 Divinum
1134 1061 1344 1136 Humanum,
1373 1082 1419 1126 ex

296 1183 364 1244 quo
387 1161 521 1228 caelum
544 1170 627 1224 ante
650 1161 839 1224 adventum
863 1159 1013 1234 Domini,
1035 1179 1103 1220 non
1123 1156 1268 1239 amplius
1287 1155 1419 1222 suffecit

294 1257 337 1322 ad
362 1257 626 1322 sustentandum
651 1257 776 1328 omnia,
801 1255 879 1337 quia
902 1254 1017 1328 home,
1042 1255 1098 1335 qui
1121 1253 1213 1316 basis
1232 1252 1417 1326 caelorum,

295 1349 516 1416 labesadiavit
531 1362 568 1416 et
585 1351 761 1416 destruxit
774 1351 941 1414 ordinem.
983 1347 1074 1430 Quid
1090 1357 1126 1412 et
1141 1347 1240 1430 quale
1254 1347 1417 1412 Divinum

297 1446 505 1522 Humanum,
530 1447 621 1530 quod
651 1456 734 1512 ante
760 1446 948 1510 adventum
973 1445 1112 1510 Domini
1142 1445 1215 1519 suit,
1240 1453 1276 1508 et
1306 1443 1418 1526 qualis

297 1551 410 1606 status
429 1541 515 1606 caeli
535 1551 629 1616 tunc,
649 1541 727 1606 vide
746 1542 780 1604 in
799 1538 966 1604 Collediis
986 1540 1029 1604 ad
1049 1549 1153 1623 caput
1172 1539 1392 1621 praecedens.

360 1651 455 1702 ιω.
486 1636 747 1719 Obstupescunt
764 1636 890 1717 angeli,
912 1655 989 1700 cum
1009 1637 1163 1709 audiunt,
1183 1635 1274 1717 quod
1295 1635 1420 1698 dentur

296 1733 452 1797 homines
475 1734 532 1814 qui
563 1733 678 1796 omnia
695 1741 839 1798 naturae
858 1732 1013 1796 tribuunt
1043 1741 1079 1796 et
1109 1731 1192 1796 nihil
1213 1731 1358 1810 Divin0;
1382 1739 1420 1796 et

295 1848 430 1911 quoque
448 1829 505 1910 qui
523 1827 670 1892 credunt
688 1828 780 1910 quod
799 1847 923 1909 corpus
940 1846 1048 1902 suum,
1069 1828 1103 1890 in
1122 1827 1213 1910 quod
1234 1836 1289 1890 tot
1308 1827 1419 1890 admi-

295 1923 402 1986 randa
414 1922 502 1991 caeli
515 1922 644 1986 collata
657 1932 750 1998 sunt,
764 1922 950 1991 conflatum
964 1923 1008 1986 sit
1026 1943 1070 1984 ex
1082 1933 1222 1986 natura:
1247 1931 1283 1986 et
1296 1923 1419 2003 magis,

298 2017 388 2100 quod
414 2016 584 2094 rationale
612 2017 762 2082 hominis
791 2019 898 2082 etiam
925 2017 1006 2082 inde
1035 2018 1099 2094 sit;
1134 2035 1210 2080 cum
1238 2026 1367 2092 tamen,
1391 2017 1420 2080 si

296 2111 401 2180 modo
424 2111 639 2195 aliquantum
662 2113 801 2178 elevent
825 2123 989 2188 mentem,
1011 2113 1128 2176 videre
1151 2121 1307 2194 possunt,
1327 2112 1420 2195 quod

297 2207 382 2271 talia
405 2208 473 2271 sint
496 2228 542 2272 ex
567 2207 705 2283 Divino,
725 2217 761 2272 et
784 2228 854 2272 non
877 2229 923 2272 ex
947 2216 1090 2284 natura;
1122 2217 1158 2270 et
1182 2207 1273 2288 quod
1298 2217 1421 2270 natura

296 2302 400 2369 modo
419 2312 536 2366 creata
554 2303 600 2366 sit
620 2312 657 2366 ut
676 2304 840 2366 investiat
859 2301 1047 2384 spirituale,
1068 2309 1104 2364 et
1128 2300 1162 2364 id
1182 2303 1285 2364 sistat
1304 2321 1419 2365 corre-

295 2397 469 2478 spondens
488 2399 521 2459 in
541 2397 663 2460 ultimo
683 2398 832 2462 ordinis:
865 2398 926 2461 sed
950 2396 1039 2460 tales
1062 2395 1254 2460 assimilant
1274 2393 1419 2472 nodtuis,

295 2512 381 2574 quae
400 2492 519 2556 vident
538 2493 572 2554 in
592 2493 753 2568 tenebris,
774 2502 810 2556 et
829 2492 913 2556 nihil
933 2493 966 2556 in
986 2491 1072 2556 luce.

794 2961 923 3047 [Χῖα]

298 3144 411 3229 Quou
429 3145 809 3214 connrsrounnurn
826 3147 946 3212 cnam
963 3161 1022 3212 srr
1040 3161 1120 3214 cun
1136 3159 1305 3214 ouuraus
1321 3146 1420 3214 Tat-

802 3257 923 3308 rums.

361 3435 460 3504 103.
491 3418 583 3503 Quid
613 3421 931 3504 correspondentia,
956 3422 991 3486 in
1022 3423 1252 3504 praecedente
1276 3422 1420 3487 articulo

299 3511 425 3581 ditium
442 3525 495 3580 est
508 3537 516 3596 ;
540 3525 576 3580 et
593 3537 726 3600 quoque
742 3516 788 3580 ibi
801 3525 989 3592 ostensum,
1002 3517 1093 3598 quod
1107 3518 1222 3582 omnia
1235 3527 1270 3582 et
1286 3516 1420 3600 singula

299 3611 451 3690 corporis
470 3609 625 3676 animalis
643 3612 972 3694 correspondentiae
992 3613 1082 3676 sint:
1115 3632 1204 3676 nunc
1225 3613 1344 3676 ordine
1366 3634 1421 3678 se·

297 3707 410 3787 quitur
439 3705 705 3782 ostendendum,
731 3707 821 3788 quod
851 3709 966 3770 omnia
989 3707 1134 3782 telluris,
1159 3717 1195 3771 et
1228 3709 1262 3771 in
1292 3728 1420 3790 genere

297 3800 410 3864 omnia
429 3802 556 3877 mundi,
573 3801 897 3882 correspondentiae
916 3803 995 3866 sint.

361 3910 461 3978 1⁰4.
491 3893 616 3959 Omnia
639 3917 725 3978 quae
749 3896 882 3960 telluris
904 3907 996 3973 sunt,
1020 3898 1275 3981 distinguuntur
1298 3900 1332 3963 in
1355 3899 1421 3964 tria

298 4008 435 4072 genera,
460 4011 546 4074 quae
577 4001 745 4057 vocantur
778 4011 905 4073 regna;
941 4013 1065 4076 nempe
1095 4014 1237 4076 regnum
1261 3995 1418 4072 animale,

297 4103 440 4165 regnum
459 4085 667 4168 vegetabile,
687 4095 723 4148 et
746 4105 890 4167 regnum
914 4088 1088 4152 minerale.
1134 4087 1232 4170 Quae
1254 4091 1288 4152 in
1313 4093 1421 4171 regno

297 4176 435 4241 animali
454 4187 544 4254 sunt,
565 4180 890 4262 correspondentiae
912 4181 946 4244 in
970 4183 1079 4264 primo
1101 4184 1209 4265 gradu
1233 4193 1323 4260 sunt,
1343 4183 1422 4268 quia

296 4273 440 4352 vivunt3
467 4295 554 4356 quae
574 4276 607 4338 in
627 4294 735 4356 regno
754 4275 951 4358 vegetabili,
969 4279 1294 4361 correspondentiae
1313 4279 1347 4342 in
1366 4299 1421 4344 se·

297 4367 410 4434 eundo
439 4369 548 4450 gradu
570 4379 662 4444 sunt,
682 4371 762 4452 quia
791 4371 895 4435 modo
918 4385 1098 4454 crescunt3
1133 4395 1219 4458 quae
1249 4376 1283 4438 in
1312 4393 1421 4457 regno

297 4463 452 4528 minerali
471 4473 561 4542 sunt,
582 4466 907 4548 correspondentiae
926 4467 960 4531 in
980 4471 1085 4534 tertio
1104 4469 1212 4554 gradu
1231 4479 1322 4546 sunt,
1343 4469 1421 4556 quia

299 4575 367 4621 non
383 4555 506 4628 vivunt.
520 4579 583 4624 nec
600 4570 767 4626 crescunt.
813 4559 1148 4646 Correspondentiae
1167 4565 1201 4630 in
1220 4585 1328 4649 regno
1346 4565 1420 4649 ani·
