3408 5358
294 617 358 683 266
620 629 672 680 ns
693 629 819 681 cnseo
842 630 890 680 sc
914 629 1096 680 suasano.

293 805 365 882 cis;
389 801 451 867 sed
467 801 546 886 quia
561 802 705 866 diversis
721 801 843 866 animis
858 809 957 866 erant
973 821 1019 865 ex
1037 801 1110 866 vita
1128 801 1162 866 in
1181 801 1321 877 mundo,
1334 812 1414 884 post

293 900 398 964 breve
416 908 553 981 tempus
575 895 733 980 disjundti
756 907 847 962 sunta
891 897 943 962 At
966 897 1023 980 qui
1045 918 1065 962 e
1087 897 1218 962 mundo
1236 898 1415 980 spirituum

293 995 327 1058 in
350 994 484 1058 caelum
503 990 658 1069 veniunt,
679 1001 714 1056 et
736 993 792 1077 qui
814 994 848 1056 in
870 991 1050 1068 infernum,
1069 991 1119 1056 illi
1141 1011 1178 1058 se
1201 999 1323 1075 postea
1345 1011 1414 1056 non

294 1089 441 1172 amplius
463 1089 595 1162 uident,
615 1107 678 1152 nec
702 1107 739 1151 se
762 1097 992 1170 cognoscunt,
1011 1088 1076 1152 nisi
1099 1086 1201 1152 simili
1224 1088 1340 1152 animo
1368 1107 1415 1150 ex

294 1184 395 1249 simili
417 1203 534 1248 amore
563 1183 643 1247 sint.
687 1181 801 1248 Causa
829 1183 921 1266 quod
949 1185 984 1247 in
1014 1181 1142 1246 mundo
1163 1183 1354 1266 spirituum,
1379 1190 1423 1246 et·

295 1299 364 1343 non
394 1279 428 1342 in
451 1277 549 1342 caelo
572 1287 608 1342 et
637 1277 780 1354 inferno,
800 1297 838 1341 se
860 1278 1012 1352 videant,
1032 1287 1087 1342 est
1110 1278 1189 1360 quia
1211 1277 1272 1352 illi,
1292 1277 1348 1359 qui
1381 1277 1415 1340 in

295 1374 425 1438 mundo
443 1375 623 1457 spirituum
646 1383 739 1450 sunt,
757 1372 912 1437 seruntur
934 1373 969 1436 in
991 1373 1119 1437 similes
1137 1381 1251 1438 status
1273 1391 1359 1455 quos
1381 1373 1415 1434 in

295 1471 369 1533 vita
392 1469 544 1551 corporis
566 1468 770 1544 habuerunt,
789 1466 834 1531 ab
858 1487 927 1532 uno
956 1467 990 1530 in
1019 1467 1189 1546 alterum;
1223 1476 1261 1532 at
1291 1475 1417 1550 postea

295 1581 417 1628 omnes
440 1564 641 1646 rediguntur
669 1564 704 1626 in
732 1571 865 1626 statum
889 1571 1111 1626 constantem
1134 1561 1281 1626 similem
1308 1561 1416 1626 statui

295 1659 422 1722 amoris
437 1658 487 1722 sui
504 1659 695 1740 regnantis,
712 1657 747 1720 in
765 1677 834 1740 quo
849 1658 1031 1738 cognoscit
1045 1677 1131 1720 unus
1147 1657 1294 1722 alterum
1311 1655 1417 1720 modo

296 1773 342 1817 ex
354 1753 578 1817 similitudine
594 1753 741 1830 amoris;
766 1771 846 1816 nam
864 1749 917 1833 (ut
936 1771 1049 1834 supra,
1064 1771 1096 1814 n.
1108 1765 1224 1833 41-50,
1238 1761 1416 1816 ostensum

296 1845 379 1927 est,)
399 1847 586 1912 similitudo
605 1846 782 1928 conjungit
800 1855 836 1910 et
854 1846 1098 1911 dissimilitudo
1116 1845 1289 1927 disjungit.

358 1942 458 2026 428.
488 1942 636 2005 Mundus
655 1943 846 2024 spirituum,
863 1943 953 2006 sicut
971 1951 1026 2008 est
1045 1951 1160 2006 status
1176 1941 1309 2019 medius
1328 1941 1417 2004 inter

296 2037 430 2102 caelum
453 2047 489 2100 et
511 2039 601 2101 inter
622 2036 790 2100 infernum
813 2037 903 2119 apud
926 2035 1113 2112 hominem,
1133 2036 1181 2100 ita
1203 2055 1339 2119 quoque
1362 2045 1416 2100 est

296 2131 393 2195 locus
422 2133 577 2210 medius3
612 2131 698 2196 infra
726 2140 807 2195 sunt
836 2131 979 2208 inferna,
1009 2139 1047 2196 et
1079 2151 1181 2213 supra
1209 2140 1290 2196 sunt
1319 2131 1416 2194 caeli.

297 2225 423 2291 Omnia
445 2228 577 2291 inferna
595 2227 713 2292 clausa
734 2235 815 2290 sunt
832 2247 951 2290 versus
969 2226 1066 2290 illurn
1085 2227 1270 2304 mundum;
1293 2235 1416 2308 patent

297 2322 402 2386 modo
421 2341 482 2405 per
499 2322 666 2386 foramina
684 2331 720 2386 et
737 2320 875 2386 fissuras
893 2323 983 2386 sicut
997 2321 1141 2404 rupium,
1158 2339 1285 2404 perque
1303 2319 1417 2384 hiatus

297 2417 332 2482 in
362 2417 481 2494 latum,
502 2437 590 2500 quae
616 2417 793 2511 custodita
814 2426 906 2492 sunt,
931 2437 974 2482 ne
1000 2417 1122 2500 aliquis
1144 2426 1250 2480 exeat
1279 2416 1343 2478 nisi
1371 2435 1417 2478 ex

297 2514 533 2595 permissione,
553 2513 768 2595 quodetiam
791 2511 841 2588 fit,
861 2511 1043 2595 flagitante
1061 2512 1177 2594 aliqua
1195 2511 1416 2585 necessitate,

297 2608 342 2672 de
359 2626 427 2690 qua
445 2609 479 2671 in
498 2607 740 2691 sequentibus:
771 2606 903 2671 caelum
920 2608 1025 2672 etiam
1041 2607 1257 2689 undiquaque
1274 2606 1417 2670 circum·

297 2713 435 2786 septum
458 2713 523 2780 est,
548 2723 610 2768 nec
634 2712 733 2785 patet
756 2703 800 2766 ad
830 2703 979 2786 aliquam
1002 2703 1207 2768 societatem
1230 2700 1418 2766 caelestem

298 2799 413 2862 aditus
431 2799 495 2863 nisi
518 2817 579 2881 per
596 2807 781 2880 angustam
800 2799 903 2873 viam,
923 2795 1018 2879 cujus
1036 2797 1198 2862 introitus
1217 2797 1323 2862 etiam
1342 2815 1418 2860 cus·

297 2895 429 2959 toditus
448 2905 513 2958 est.
557 2894 613 2958 Illi
631 2895 748 2958 exitus
764 2913 803 2958 ac
826 2894 861 2958 bi
883 2893 1045 2958 introitus
1063 2901 1144 2956 sunt
1162 2893 1219 2975 qui
1241 2893 1277 2956 in
1300 2890 1419 2956 Verbo

298 3000 467 3054 vocantur
487 2988 663 3072 “portae’'
678 3009 718 3054 ac
739 2988 882 3054 “ostia''
900 2989 1021 3052 inlerni
1040 2997 1076 3052 et
1094 2987 1193 3053 caeli.

361 3099 462 3168 429.
498 3083 647 3148 Mundus
679 3085 861 3166 spirituum
894 3069 1039 3166 apparet
1073 3084 1162 3148 sicut
1198 3081 1298 3146 vallis
1330 3083 1420 3146 inter

300 3190 437 3244 montes
456 3189 492 3243 et
511 3189 638 3262 petras,
658 3179 712 3243 hic
736 3189 772 3244 et
794 3179 840 3242 ibi
858 3179 1030 3242 insinuata
1048 3187 1085 3242 et
1103 3179 1250 3242 elevata.
1294 3179 1419 3242 Portae

299 3285 336 3340 et
355 3276 447 3340 ostia
468 3275 512 3338 ad
536 3276 723 3338 societates
741 3273 911 3338 caelestes
930 3293 999 3338 non
1022 3283 1202 3356 apparent,
1222 3272 1334 3336 solum
1353 3273 1419 3336 illis

299 3371 356 3454 qui
379 3371 572 3454 praeparati
596 3371 639 3434 ad
662 3369 797 3436 caelum
816 3378 907 3446 sunt,
928 3389 992 3434 nec
1011 3369 1232 3434 inveniuntur
1254 3368 1298 3432 ab
1319 3368 1418 3444 aliis;

299 3467 343 3530 ad
362 3466 552 3550 quamlibet
568 3467 773 3529 societatem
790 3484 808 3528 e
825 3463 953 3528 mundo
965 3465 1145 3546 spirituum
1162 3483 1247 3526 unus
1258 3464 1421 3528 introitus

300 3571 366 3637 est,
390 3569 470 3644 post
492 3579 594 3643 quem
618 3581 685 3623 una
706 3561 772 3634 via,
793 3561 855 3624 sed
877 3579 964 3643 quae
987 3561 1022 3623 iu
1044 3577 1189 3622 ascensu
1212 3559 1421 3622 divaricatur

299 3659 334 3722 in
357 3657 480 3739 plures.
525 3655 648 3719 Portae
670 3665 706 3718 et
737 3656 827 3719 ostia
848 3655 893 3718 ad
925 3655 1056 3718 inferna
1079 3673 1141 3716 nec
1164 3662 1333 3736 apparent
1355 3653 1419 3718 nisi

301 3769 403 3835 quarn
432 3751 500 3815 illis
528 3751 586 3833 qui
621 3751 780 3814 intraturi
810 3759 901 3824 sunt,
932 3749 1053 3832 quibus
1083 3757 1166 3812 tunc
1196 3749 1418 3830 aperiuntur;

301 3847 421 3930 quibus
437 3847 566 3929 apertis
577 3855 746 3927 apparent
758 3853 858 3908 antra
872 3843 968 3908 furva
983 3853 1019 3908 et
1034 3843 1123 3908 sicut
1135 3843 1329 3924 fuliginosa,
1342 3853 1420 3907 ten-

302 3942 421 4005 dentia
439 3939 575 4023 oblique
598 3940 757 4003 deorsum
787 3940 820 4002 in
849 3939 1065 4021 profundum,
1085 3938 1141 4002 ubi
1170 3938 1294 4002 iterum
1324 3937 1421 4020 plura

302 4039 392 4101 ostia
408 4045 507 4100 sunt:
532 4055 592 4118 per
607 4043 708 4098 antra
722 4034 782 4097 illa
798 4031 1008 4097 exhalantur
1024 4033 1161 4097 nidores
1180 4033 1262 4096 tetri
1278 4042 1314 4097 et
1332 4033 1420 4096 leto·

302 4151 367 4207 res,
391 4153 477 4215 quos
499 4131 580 4194 boni
603 4130 742 4212 spiritus
765 4129 910 4211 fugiunt,
935 4130 1013 4210 quia
1038 4129 1244 4192 aversationi
1267 4138 1359 4202 sunt,
1383 4137 1420 4191 at

303 4227 386 4292 mali
400 4227 540 4309 spiritus
558 4233 727 4306 appetunt
750 4225 829 4304 quia
848 4220 1072 4288 deled'tationi
1091 4232 1191 4301 sunt;
1223 4223 1311 4286 sicut
1330 4224 1420 4286 enim

302 4325 446 4406 quisquo
467 4323 501 4384 in
525 4319 652 4384 mundo
671 4316 864 4383 delediatus
882 4327 936 4382 est
955 4337 1018 4381 suo
1034 4317 1138 4394 malo,
1158 4318 1207 4382 ita
1230 4328 1310 4399 post
1329 4337 1421 4382 mor·

303 4427 375 4482 tem
391 4414 584 4481 delectatur
598 4415 708 4478 fetore
725 4413 778 4477 cui
797 4412 924 4478 malum
942 4412 1014 4494 ejus
1029 4415 1278 4494 correspondet
1294 4435 1302 4492 ;
1326 4431 1420 4478 com·

304 4513 413 4594 parari
432 4512 466 4574 in
484 4509 549 4574 hoc
570 4519 714 4593 possunt
732 4508 852 4572 avibus
871 4517 907 4572 et
930 4507 1008 4571 seris
1027 4508 1217 4590 rapacibus,
1238 4517 1276 4571 ut
1298 4509 1420 4576 corvis,

304 4606 403 4688 lupis,
427 4606 550 4688 porcis,
574 4605 631 4687 qui
658 4623 703 4668 ex
736 4611 902 4686 percepto
926 4602 1044 4668 nidore
1069 4603 1112 4666 ad
1146 4601 1357 4668 cadaverosa
1385 4613 1422 4667 et
