3350 5366
273 671 336 736 344
605 665 656 718 DE
679 664 806 718 cmo
830 665 879 717 ΕΤ
903 665 1088 728 namne.

271 838 355 902 laeei
373 837 467 913 aunt,
483 847 519 902 et
538 854 616 902 cum
631 837 843 902 surrexerint
858 837 1105 919 percurrebant
1119 837 1209 900 viam
1227 837 1334 901 latam
1352 839 1398 902 aa

272 933 447 1008 dextrum,
463 953 551 1016 quae
570 932 747 996 tendebat
758 931 803 996 ad
820 933 997 996 infernum.
1043 931 1169 996 Postea
1183 933 1398 1014 explicatum

271 1039 327 1094 eet
350 1029 444 1105 mibi,
463 1029 544 1112 quid
561 1029 677 1092 omnia
699 1027 760 1092 illa
781 1027 1046 1110 significabant:
1079 1030 1172 1110 quod
1191 1045 1315 1110 nempe
1338 1047 1397 1110 per

271 1125 363 1188 viam
382 1125 538 1206 primam,
556 1143 642 1206 quae
662 1121 746 1198 lata,
763 1137 866 1206 quam
885 1123 1077 1190 multilata
1096 1125 1178 1187 beni
1197 1143 1301 1206 quarn
1316 1123 1399 1190 mali

272 1220 372 1284 simui
394 1220 503 1294 ibant,
528 1229 565 1283 et
587 1218 876 1301 colloquebantur
898 1219 991 1282 inter
1012 1239 1049 1282 se
1073 1220 1161 1282 sicut
1184 1221 1296 1294 amici,
1320 1218 1398 1302 quiri

272 1315 402 1380 nullum
422 1315 605 1378 discrimen
627 1315 718 1378 inter
739 1313 822 1377 illos
838 1314 1029 1396 apparebat
1052 1315 1096 1378 ad
1119 1315 1240 1389 risum,
1261 1333 1398 1396 reprw

272 1412 400 1474 sentati
412 1411 482 1474 sint
498 1412 556 1494 qui
569 1411 605 1474 in
621 1411 781 1476 externis
792 1411 925 1473 uincere
940 1419 980 1474 et
990 1409 1082 1490 jueta
1095 1409 1255 1474 similiter
1264 1411 1397 1483 vivunt,

272 1515 307 1570 et
326 1507 383 1588 qui
403 1525 472 1569 non
492 1506 745 1586 dignoscuntur
762 1505 807 1568 ad
831 1505 966 1572 vinum:
989 1521 1050 1586 per
1069 1504 1222 1588 lapidem
1239 1503 1319 1570 bivii
1338 1522 1401 1568 eeu

272 1601 402 1684 anguli,
421 1603 455 1664 in
479 1619 583 1683 quem
599 1601 800 1664 ceciderunt
818 1599 911 1677 mali,
931 1610 967 1664 et
991 1621 1011 1663 a
1034 1619 1103 1682 qun
1124 1599 1203 1662 dein
1223 1612 1399 1680 percurre-

272 1697 357 1760 bant
387 1697 477 1760 viam
508 1697 694 1759 ducentem
727 1696 772 1758 ad
802 1695 983 1769 inferarum,
1011 1705 1313 1778 repaesentatnrn
1343 1705 1399 1760 eet

273 1791 435 1854 Divinum
458 1791 601 1866 Verum,
620 1791 712 1873 quod
736 1801 885 1872 negatur
913 1791 957 1853 ab
986 1789 1054 1854 iilis
1084 1791 1143 1874 qni
1169 1787 1400 1872 spatiantur

272 1887 463 1964 infernum
493 1888 528 1950 in
551 1903 712 1969 supremo
731 1905 834 1950 sensu
856 1905 917 1966 per
932 1887 1079 1948 endem
1099 1885 1250 1966 lapidem
1270 1884 1401 1966 siginifi-

272 1980 416 2045 cabatur
435 1980 596 2044 Divinum
618 1980 819 2044 Humanum
836 1981 998 2046 Domini:
1023 1981 1079 2062 qui
1095 1991 1212 2043 autem
1228 1997 1401 2061 agnosce-

272 2077 356 2140 bant
375 2075 517 2151 Verum‚
534 2085 571 2140 et
590 2075 691 2140 simul
708 2075 871 2138 Divinum
889 2075 1041 2150 Domini,
1056 2075 1106 2140 illi
1124 2075 1322 2138 serebantur
1338 2093 1401 2156 per

273 2173 363 2236 viam
389 2191 487 2254 quae.
506 2173 656 2236 ducebat
686 2172 730 2236 ad
760 2171 909 2236 eaelum.
952 2171 1010 2234 Ex
1041 2171 1094 2234 his
1122 2171 1247 2234 iterum
1273 2172 1401 2253 patuit,

272 2267 363 2349 quod
381 2267 461 2329 mali
478 2287 585 2349 aeque
605 2287 645 2330 ac
666 2267 746 2330 boni
762 2267 908 2332 eandem
925 2267 1034 2330 vitam
1050 2275 1159 2348 agant
1177 2267 1213 2330 in
1231 2267 1400 2341 artemia

274 2383 334 2425 seu
364 2363 510 2426 eandem
534 2363 624 2426 viam
648 2372 740 2436 eant,
762 2363 811 2425 ita
835 2371 907 2434 tam
931 2361 1031 2426 facile
1055 2381 1266 2444 unusquam
1289 2361 1397 2438 alter;

273 2466 308 2520 et
328 2455 445 2520 tamen
465 2455 556 2539 quod
581 2455 629 2519 illi
653 2457 708 2539 qui
728 2466 924 2538 agnoscunt
945 2455 1106 2519 Divinum
1130 2478 1175 2520 ex
1199 2455 1314 2530 corde,
1335 2457 1398 2519 im-

273 2554 390 2636 primis
419 2549 512 2616 inlra
539 2549 733 2628 ecclesiam,
759 2554 815 2634 qui
842 2545 1037 2634 agnoicunt
1062 2551 1223 2616 Divinum
1248 2543 1403 2625 Dominis

275 2649 446 2711 ducantur
468 2647 511 2710 ad
535 2646 690 2724 caelum3
722 2656 760 2711 et
781 2647 839 2729 qui
863 2663 932 2710 non
954 2657 1161 2728 agnoscunt,
1182 2648 1333 2711 ferantur
1355 2649 1400 2714 ati

273 2744 452 2808 iniemum‘
496 2741 657 2806 Hominis
671 2744 903 2824 cogitatianes
916 2760 1005 2825 quae
1016 2745 1207 2825 procedunt
1224 2763 1269 2807 ex
1285 2745 1402 2808 interr«

273 2841 369 2903 none
398 2859 460 2904 eeu
486 2839 681 2914 voluntate,
706 2849 1010 2922 repraesentantur
1039 2839 1073 2901 in
1103 2839 1214 2902 altera
1240 2841 1313 2903 vita
1340 2859 1401 2922 per

273 2935 365 3000 vias:
389 2936 557 2998 sistuntur
576 2935 681 2998 etiam
700 2936 776 3000 viae
794 2935 838 2998 ad
857 2935 1097 3017 apparentiam
1117 2935 1164 2998 lbi
1183 2952 1322 3017 prorsus
1344 2955 1404 2999 se-

275 3031 423 3096 cundum
448 3032 684 3112 cogitationes
706 3029 920 3108 intentionis,
945 3041 982 3094 et
1012 3049 1147 3113 quoque
1170 3032 1402 3114 unusquisque

274 3126 462 3190 secumdum
477 3127 712 3207 cogitationes
730 3145 810 3190 suas
826 3144 913 3209 quae
930 3127 1122 3208 procedunt
1141 3145 1187 3190 ex
1206 3129 1403 3191 intentione

277 3221 442 3284 ambulat.
492 3220 578 3285 Inde
602 3231 668 3296 est,
692 3222 784 3305 quod
807 3223 944 3304 spiritus
967 3223 1087 3305 quales
1110 3231 1201 3297 sunt,
1222 3231 1259 3286 et
1281 3239 1405 3286 eorum

275 3317 518 3398 cogitationes,
532 3329 720 3381 noscantur
735 3335 781 3382 ex
798 3319 861 3382 viis
877 3320 965 3383 suis:
989 3336 1035 3382 err
1051 3317 1119 3382 iilis
1131 3319 1399 3402 quoquepabrit,

275 3411 358 3496 qnid
375 3412 584 3494 intelligitur
603 3429 663 3495 per
682 3413 822 3477 Domini
841 3413 956 3489 verba,

327 3561 454 3617 “intrate
472 3581 520 3630 per
537 3579 643 3630 portam
661 3579 822 3630 angustam
848 3568 904 3618 lata
921 3569 994 3621 enim
1012 3578 1054 3618 eet
1072 3577 1195 3631 portanet
1217 3568 1339 3632 spatiosa
1356 3569 1405 3618 via

408 3647 476 3698 quae
489 3633 562 3682 ducit
574 3634 608 3682 ad
621 3635 741 3694 exitium,
754 3643 781 3682 et
800 3634 877 3682 multi
890 3643 954 3684 sunt
969 3633 985 3682 li
1001 3635 1047 3697 qui
1065 3634 1206 3682 ambulant
1223 3647 1272 3696 per
1288 3641 1348 3684 eam
1361 3649 1395 3690 ;..

407 3695 502 3750 etritla
512 3709 555 3750 eet
567 3699 612 3748 via
626 3709 654 3748 et
664 3709 783 3762 angusta
793 3710 880 3762 porta.
892 3713 963 3763 qnae
974 3699 1050 3749 ducit
1059 3699 1094 3750 ati
1107 3700 1199 3758 vitem,
1211 3709 1241 3749 et
1250 3701 1404 3764 petreium

407 3765 453 3828 qui
465 3764 607 3814 inveniunt
620 3765 693 3814 illam
704 3765 719 3785 '⁸
731 3765 841 3828 (Marti.
854 3766 899 3818 vii.
914 3778 954 3828 13,
967 3767 1024 3828 14):
1254 3781 1255 3786 ¹

276 3916 367 4000 quod
388 3914 507 3980 stritta
525 3915 570 3980 sit
588 3915 643 3979 via
662 3935 748 4000 quae
768 3913 865 3980 ducit
884 3916 927 3982 ad
947 3913 1066 3992 vitam,
1087 3935 1157 3979 non
1177 3925 1230 3980 est
1249 3917 1328 4000 quia
1347 3927 1400 3980 est

277 4007 436 4086 difficilis,
461 4011 522 4074 sed
546 4011 625 4093 quia
648 4011 747 4092 pauci
770 4021 851 4074 sunt
882 4014 937 4096 qui
967 4013 1147 4076 inveniunt
1170 4011 1275 4088 illam,
1300 4021 1401 4094 prout
1489 4037 1492 4041 ·

277 4103 412 4170 dicitur.
460 4101 516 4167 Ex
547 4101 661 4186 lapide
684 4102 745 4168 illo
767 4107 842 4168 viso
872 4107 905 4168 in
936 4105 1074 4188 angulo,
1095 4103 1152 4168 ubi
1178 4105 1234 4168 via
1263 4101 1336 4170 iata
1365 4109 1401 4169 et

278 4199 469 4266 communis
489 4199 752 4274 terminabatur,
773 4211 808 4264 et
828 4219 848 4264 a
867 4219 935 4284 quo
954 4201 1055 4264 binae
1075 4199 1151 4264 viae
1170 4201 1203 4263 in
1223 4202 1401 4283 oppositas

278 4297 399 4380 plagas
427 4297 571 4359 tendere
600 4295 693 4358 visae
724 4305 815 4388 sunt,
846 4297 958 4378 patuit
988 4297 1068 4380 quid
1098 4290 1312 4380 significatur
1341 4316 1401 4378 per

277 4393 364 4456 haec
385 4391 525 4456 Domini
543 4391 660 4468 verba,

293 4581 296 4588 .
329 4549 454 4600 ‘'Aunon
468 4547 575 4610 legistie
589 4547 661 4610 quoa
675 4546 805 4612 seriptum
817 4547 881 4598 esti
903 4545 995 4610 Lapie.
1005 4560 1086 4610 quern
1103 4547 1317 4608 reprebanemnt
1329 4545 1401 4598 endi

411 4611 530 4669 ficantes,
543 4613 566 4662 is
586 4607 674 4662 iatius
695 4623 738 4662 est
759 4613 786 4660 in
807 4621 887 4674 caput
907 4627 939 4660 an
980 4613 1016 4670 li;
1039 4613 1161 4678 quisquis
1179 4613 1303 4668 ceciderit
1321 4625 1408 4674 super,

411 4677 487 4727 ilium
501 4677 616 4742 lapidem
624 4673 811 4741 eoniringernr
820 4675 942 4742 '’ssMau
960 4677 1029 4730 ‚ruti
1038 4689 1122 4740 naeu
1132 4673 1151 4744 ς]
1170 4674 1405 4737 Ln.xr.r7‚18)‚'
