3382 5358
312 619 370 700 138
629 631 680 682 na
703 629 829 682 cneco
853 631 901 681 nr
925 631 1109 682 rursnuo.

307 824 372 887 que
395 803 665 868 consonantibus
687 804 790 881 duris,
811 814 846 868 et
870 825 947 868 raro
968 803 1095 868 labitur
1117 825 1137 868 a
1157 815 1372 870 consonante
1395 806 1429 870 in

307 909 567 975 consonantem,
585 900 648 964 nisi
664 919 724 980 per
739 901 1040 981 interpositionem
1056 901 1151 963 vocis
1167 921 1254 983 quae
1271 901 1391 984 incipit
1409 922 1430 965 a

306 993 427 1058 vocali.
473 994 557 1058 Inde
568 1004 632 1068 est,
645 995 736 1077 quod
753 995 787 1058 in
799 994 919 1058 Verbo
936 996 1042 1058 toties
1054 996 1294 1077 interponatur
1306 996 1431 1060 vocula
1455 1023 1458 1030 ·

308 1089 406 1164 “et'’
422 1098 459 1153 ut
477 1099 638 1153 constare
654 1099 773 1172 potest
792 1089 858 1154 illis
873 1091 930 1172 qui
949 1089 1069 1171 legunt
1087 1089 1240 1153 Verbum
1259 1093 1293 1154 in
1313 1091 1430 1174 lingua

308 1183 478 1260 Hebraea,
492 1185 526 1247 in
542 1205 608 1266 qua
624 1184 682 1248 illa
695 1183 818 1255 vocula
833 1194 887 1248 est
904 1185 1028 1259 mollis,
1041 1195 1076 1248 et
1094 1186 1252 1268 utrinque
1265 1196 1367 1249 sonat
1384 1205 1429 1249 ex

308 1278 428 1342 vocali.
479 1279 535 1340 Ex
551 1280 692 1342 vocibus
709 1281 815 1343 etiam
833 1281 867 1342 in
884 1279 1003 1344 Verbo
1019 1281 1051 1342 in
1068 1279 1128 1344 illa
1145 1281 1262 1362 lingua
1274 1280 1429 1364 aliquan·

306 1383 378 1436 tum
395 1374 472 1436 sciri
489 1383 615 1456 potest,
636 1395 716 1437 num
733 1377 928 1456 pertineant
944 1375 989 1438 ad
1006 1375 1152 1438 classem
1169 1375 1357 1439 caelestem
1373 1376 1429 1440 vel
1521 1417 1523 1420 -

306 1467 350 1530 ad
367 1468 513 1532 classem
530 1469 752 1550 spiritualem,
766 1472 816 1534 ita
834 1489 915 1534 num
931 1470 1110 1533 involvant
1127 1470 1254 1533 bonum
1273 1471 1328 1534 vel
1349 1491 1429 1534 num

308 1583 445 1626 verum:
470 1583 556 1645 quae
576 1565 756 1628 involvunt
775 1565 914 1640 bonurn,
932 1565 1074 1629 trahunt
1098 1565 1244 1629 multum
1269 1587 1314 1630 ex
1338 1565 1372 1630 U
1395 1575 1430 1630 et

308 1654 350 1731 O,
368 1665 404 1720 et
421 1675 555 1740 quoque
572 1657 783 1740 aliquantum
800 1679 845 1722 ex
863 1659 918 1736 A;
949 1670 985 1722 at
1002 1680 1090 1742 quae
1106 1659 1286 1724 involvunt
1300 1677 1427 1734 verum,

308 1751 450 1815 trahunt
467 1773 513 1816 ex
530 1752 560 1816 E
579 1763 615 1818 et
635 1754 660 1818 1.
707 1752 795 1835 Quia
810 1752 1007 1818 affectiones
1024 1756 1188 1837 imprimis
1207 1777 1244 1818 se
1263 1765 1429 1820 exserunt

261 1846 263 1851 ’
308 1867 368 1930 per
383 1867 498 1922 sonos,
513 1849 590 1911 ideo
607 1869 739 1933 quoque
752 1859 911 1913 amantur
927 1870 1031 1913 voces
1051 1851 1084 1913 in
1102 1871 1260 1914 sermone
1270 1849 1427 1925 hominis,

307 1961 384 2006 cum
397 1944 511 2024 agitur
523 1943 566 2005 de
579 1946 723 2025 magnis,
738 1955 775 2008 ut
792 1944 835 2008 de
852 1943 949 2008 caelo
965 1955 1000 2008 et
1017 1945 1060 2008 de
1078 1946 1164 2021 Deo,
1179 1947 1300 2029 quibus
1314 1947 1429 2010 insunt

308 2035 397 2102 Uet
417 2035 467 2100 0:
492 2041 597 2102 etiam
612 2039 688 2102 soni
712 2039 829 2102 musici
849 2038 928 2102 illuc
952 2059 989 2102 se
1008 2041 1202 2115 extollunt,
1217 2061 1294 2104 cum
1313 2043 1428 2122 expri-

308 2143 447 2197 muntur
465 2130 609 2212 similia;
636 2134 736 2198 aliter
757 2155 836 2198 cum
859 2138 974 2218 agitur
996 2136 1040 2198 de
1063 2157 1131 2198 non
1156 2139 1298 2218 magnis.
1345 2137 1429 2201 Inde

309 2237 363 2292 est
397 2230 489 2312 quod
522 2251 577 2292 ars
596 2232 725 2295 musica
743 2231 868 2295 calleat
888 2233 1081 2314 exprimere
1101 2229 1317 2296 affectionum
1337 2234 1430 2297 varia

309 2344 446 2406 genera.

372 2432 466 2501 242·
497 2420 536 2483 In
566 2419 704 2502 loquela
727 2421 885 2503 angelica
906 2431 960 2485 est
987 2421 1125 2504 quidam
1149 2431 1350 2497 concentus,
1374 2423 1430 2504 qui

310 2534 378 2578 non
401 2515 547 2579 describi
571 2513 749 2596 potestur)
795 2515 860 2580 Ille
884 2525 1074 2580 concentus
1099 2525 1154 2580 est
1184 2537 1230 2580 ex
1260 2537 1314 2590 eo,
1338 2519 1430 2599 quod

309 2611 542 2691 cogitationes
558 2621 593 2673 et
609 2608 816 2686 affectiones,
834 2631 880 2674 ex
899 2611 1020 2694 quibus
1037 2610 1185 2693 loquela,
1200 2632 1237 2674 se
1254 2611 1430 2675 effundant

309 2715 345 2768 et
368 2705 560 2770 diffundant
580 2706 767 2768 secundum
789 2705 932 2768 formam
956 2705 1055 2780 caeli,
1076 2715 1111 2769 et
1135 2707 1243 2770 forma
1267 2707 1354 2770 caeli
1376 2716 1430 2770 est

310 2801 497 2864 secundum
510 2819 611 2883 quarn
628 2820 747 2863 omnes
760 2801 951 2863 consociati
967 2811 1058 2876 sunt,
1072 2810 1108 2864 et
1124 2801 1312 2864 secundum
1328 2819 1430 2884 quam

310 2897 421 2958 omnis
438 2896 714 2980 communicatio.
760 2892 861 2976 Quod
878 2893 994 2976 angeli
1010 2896 1199 2960 consociati
1218 2897 1288 2959 sint
1308 2915 1429 2959 secun-

201 3045 204 3050 .
310 2992 390 3054 dum
407 2991 550 3054 formam
567 2989 664 3064 caeli,
678 2999 714 3053 et
733 2990 825 3071 quod
841 2991 1072 3070 cogitationes
1088 3001 1123 3054 et
1140 2987 1337 3054 affectiones
1352 2990 1430 3054 illo·

310 3106 384 3149 rum
403 3086 509 3150 fluant
529 3085 716 3148 secundum
735 3084 841 3160 illam,
861 3085 1019 3148 videatur
1037 3105 1138 3167 supra
1159 3085 1206 3167 (n.
1226 3084 1403 3168 200-212).

373 3194 471 3263 243·
501 3179 627 3244 Similis
646 3179 793 3262 loquela,
814 3179 923 3262 qualis
951 3189 1006 3244 est
1035 3181 1069 3243 in
1098 3181 1226 3244 mundo
1250 3180 1430 3261 spirituali,

310 3275 414 3339 insita
432 3285 485 3338 est
505 3275 608 3338 cuivis
628 3275 767 3350 homini,
787 3275 849 3338 sed
868 3269 902 3338 in
922 3285 1020 3358 parte
1043 3273 1114 3356 ejus
1133 3271 1358 3338 intellectuali
1379 3275 1431 3337 in·

309 3371 455 3447 teriore;
479 3379 534 3434 ast
553 3371 631 3452 quia
650 3369 709 3433 illa
727 3371 818 3452 apud
838 3370 1013 3434 hominem
1033 3389 1101 3432 non
1121 3368 1247 3432 labitur
1270 3369 1304 3432 in
1327 3388 1431 3432 voces

310 3465 477 3546 analogas
496 3463 677 3541 affectioni,
695 3465 783 3528 sicut
803 3463 893 3547 apud
912 3464 1066 3545 angelos,
1087 3463 1192 3527 homo
1212 3464 1321 3527 nescit
1340 3463 1432 3546 quod

310 3561 356 3624 sit
374 3561 408 3622 in
427 3559 510 3624 illa:
535 3561 614 3622 inde
630 3569 747 3623 tamen
763 3569 827 3635 est,
845 3559 936 3642 quod
955 3559 1060 3622 homo
1079 3559 1159 3621 dum
1175 3559 1270 3621 venit
1290 3559 1324 3620 in
1343 3557 1431 3621 alte-

310 3675 382 3718 ram
402 3657 520 3730 vitam,
537 3657 571 3718 in
590 3655 711 3718 eadem
728 3655 864 3738 loquela
883 3655 927 3718 sit
946 3674 1022 3719 cum
1042 3653 1216 3736 spiritibus
1239 3663 1275 3716 et
1298 3653 1431 3736 angelis

310 3751 368 3825 ibi,
391 3759 427 3814 et
450 3751 541 3833 quod
564 3751 614 3813 ita
635 3751 722 3814 sciat
741 3750 833 3834 loqui
853 3749 947 3814 nullo
965 3746 1170 3812 docentem)
1216 3747 1285 3812 Sed
1303 3748 1347 3812 de
1366 3749 1430 3812 hac

310 3865 346 3908 re
365 3844 452 3908 infra
469 3845 575 3928 plura.

706 4051 745 4103 (ιι
757 4061 855 4092 nucum
867 4052 1032 4103 crimmum.)

366 4153 438 4276 (ppg
460 4149 551 4275 Q6uod
571 4151 600 4207 in
620 4151 741 4222 loquela
755 4151 890 4222 angelica
905 4151 944 4206 sit
959 4162 1125 4206 concentus
1140 4151 1314 4206 harmonice
1329 4151 1433 4206 labens

313 4225 354 4292 (n.
366 4237 424 4364 (lqp‘i
439 4237 541 4417 ’31υέῗὶ
553 4223 680 4364 iiiiiera
697 4293 860 4364 spiritualis
878 4309 931 4348 seu
953 4293 1088 4364 angelica
1108 4292 1148 4348 sit
1169 4292 1251 4362 apud
1271 4291 1433 4353 hominem,

311 4363 431 4418 tametsi
445 4364 453 4417 i
488 4363 585 4418 nescit
599 4365 638 4432 (n.
652 4363 859 4433 4014[?4ro4]).

366 4433 457 4506 Quod
472 4434 557 4489 ideae
570 4435 678 4488 interni
692 4435 823 4489 hominis
836 4434 897 4490 sint
905 4433 1083 4504 spirituales,
1093 4433 1147 4488 sed
1159 4431 1240 4516 quod
1255 4433 1355 4495 hom0,
1364 4447 1431 4486 curn

313 4506 344 4560 in
357 4507 472 4560 mundo
479 4505 562 4566 vivit,
574 4505 720 4576 percipiat
733 4505 799 4560 illas
810 4504 993 4567 naturaliter,
1002 4505 1073 4575 quia
1084 4515 1158 4560 tunc
1171 4521 1202 4558 ιιι
1215 4503 1342 4560 naturali
1350 4501 1428 4574 cogi·

311 4586 358 4632 tat
372 4578 412 4645 (n.
428 4577 521 4646 10236,
537 4572 648 4642 roz4o[?
664 4575 769 4642 10237],
787 4575 892 4646 10550).
