3350 5366
331 643 393 722 326
482 663 484 670 >
652 657 704 708 ns
726 657 854 710 eruco
869 659 926 710 ur
948 659 1133 712 rumano,

327 822 455 890 istium
470 835 536 902 est,
554 833 637 890 tunc
654 847 701 892 ex
717 847 833 892 amore
849 827 910 893 illo
925 828 1046 894 volunt
1063 839 1100 896 ct
1113 831 1296 912 cogitant3
1319 841 1356 898 et
1370 833 1450 917 qu‘s

328 939 425 985 amor
446 921 505 984 ille
532 931 588 986 est
610 921 796 998 infernalis,
813 942 884 988 non
906 923 1028 988 volunt
1049 925 1112 990 nisi
1131 945 1233 1008 quarn
1252 925 1394 1002 malunt.
1411 938 1450 992 et

328 1035 398 1081 non
414 1017 571 1098 cogitant
588 1017 653 1080 nisi
671 1037 773 1100 quarn
789 1017 933 1096 falsum
956 1019 1041 1084 hsce
1057 1018 1208 1100 iucunda
1221 1034 1449 1098 corrunsurrt,

326 1111 405 1194 quia
420 1121 501 1176 sunt
516 1111 643 1174 amoris
658 1131 796 1176 eorum:
819 1131 860 1176 ac
878 1113 958 1176 inde
973 1113 1130 1194 rejiciunt
1147 1134 1249 1179 omne
1266 1115 1392 1180 bonum
1412 1125 1449 1182 et

326 1225 455 1281 verum,
473 1225 560 1288 quae
579 1208 672 1288 prius
689 1206 957 1288 adoptaverunt,
977 1209 1056 1290 quia
1072 1209 1322 1274 inservivcrant
1341 1212 1448 1276 amori

326 1319 389 1362 suo
408 1317 470 1382 pro
488 1301 622 1364 mediis.
667 1299 718 1364 At
737 1301 819 1364 boni
837 1301 1111 1382 perducunturs
1128 1313 1224 1366 statu
1242 1305 1396 1370 secundo
1414 1307 1448 1370 in

327 1395 479 1468 tertium,
500 1397 557 1477 qui
580 1405 695 1460 ststus
717 1405 772 1460 est
795 1397 1068 1478 praeparationis
1087 1396 1223 1462 illorum
1246 1399 1291 1462 ad
1313 1399 1448 1466 caelum

327 1501 388 1570 per
405 1487 688 1554 instructionem:
713 1509 817 1554 nemo
833 1492 925 1554 enirn
945 1492 1141 1573 praeparari
1158 1502 1278 1573 potest
1300 1495 1345 1558 ad
1369 1513 1447 1561 cae·

326 1581 408 1656 lum,
426 1585 490 1647 nisi
505 1603 608 1666 quarn
627 1605 687 1666 per
702 1585 922 1666 cognitiones
938 1585 1020 1650 boni
1037 1595 1075 1650 ct
1093 1587 1179 1664 veri,
1194 1587 1243 1650 ita
1261 1587 1325 1650 nisi
1345 1607 1446 1668 quarn

326 1697 387 1761 per
409 1677 692 1756 instructionem
727 1699 807 1744 nam
830 1699 934 1744 nemo
960 1682 1048 1746 scire
1064 1691 1191 1764 ¹potest
1213 1682 1295 1764 quid
1319 1682 1446 1746 bonurn

325 1783 363 1837 ot
386 1793 502 1837 verum
525 1775 713 1856 spirituale,
733 1783 769 1838 ct
793 1775 874 1856 quid
896 1775 1025 1840 mulum
1048 1785 1085 1840 et
1111 1775 1245 1850 salsum,
1267 1795 1356 1857 quoe
1378 1775 1447 1840 illis

325 1871 485 1951 opposita
517 1881 608 1944 sunt,
636 1870 701 1932 nisi
732 1870 930 1934 instruatur.
980 1867 1073 1950 Quid
1103 1869 1231 1934 bonurn
1263 1879 1298 1934 et
1328 1889 1445 1936 verum

324 1963 426 2027 civile
445 1975 481 2028 et
505 1964 647 2038 morale,
666 1983 753 2047 quse
769 1963 898 2045 justum
922 1973 959 2028 ct
981 1965 1152 2028 sincerum
1171 1975 1351 2039 vocantur,
1369 1965 1446 2029 sciri

324 2069 445 2140 potest
467 2060 501 2122 in
525 2059 665 2133 mundo,
684 2060 764 2141 quia
783 2059 829 2124 ibi
847 2069 927 2122 sunt
946 2059 1043 2140 leges
1061 2059 1191 2134 civiles,
1210 2080 1299 2142 quac
1316 2059 1446 2124 docent

324 2153 405 2236 quid
421 2153 561 2235 justum,
578 2163 615 2218 et
631 2175 766 2237 quoque
785 2155 969 2228 consortis,
986 2173 1064 2218 curn
1082 2155 1205 2236 quibus
1222 2154 1327 2218 homo
1342 2155 1445 2218 discit

323 2249 439 2312 vivere
462 2250 650 2312 secundum
674 2249 771 2330 leges
793 2247 954 2323 morales,
974 2269 1061 2331 quse
1078 2267 1201 2314 omnes
1230 2267 1268 2314 se
1293 2249 1445 2315 referunt

323 2343 367 2406 sd
384 2345 553 2407 sincerum
569 2353 605 2407 et
621 2341 772 2408 retium:
797 2352 833 2406 at
847 2341 975 2406 bonum
990 2354 1027 2406 et
1043 2363 1161 2408 verunt
1173 2343 1361 2426 spirituale.
1375 2361 1443 2410 non

323 2438 500 2502 discuntur
517 2459 537 2501 s
556 2439 685 2501 mundo
702 2438 765 2502 sod
783 2459 802 2501 e
822 2436 931 2502 caelo.
974 2435 1061 2502 Sciri
1078 2439 1214 2520 qtridcm
1234 2448 1378 2520 possunt
1396 2459 1443 2502 ex

323 2529 453 2608 Verbo,
466 2543 502 2597 et
518 2553 563 2597 ex
579 2531 736 2596 doitrina
748 2532 916 2596 ecclesiae
929 2552 1017 2614 quoe
1030 2553 1078 2596 ox
1096 2531 1235 2610 Verbo;
1259 2533 1320 2596 sed
1337 2553 1443 2615 usque

323 2645 392 2689 non
412 2627 551 2691 influere
570 2637 715 2709 possunt
737 2628 771 2690 in
795 2629 914 2701 vitam,
935 2627 999 2690 nisi
1021 2625 1127 2691 horno
1144 2628 1257 2709 quoad
1278 2628 1444 2692 interiora

323 2741 410 2803 quae
422 2723 548 2785 mentis
564 2743 645 2786 suas
660 2731 752 2796 sunt,
770 2723 815 2785 sit
831 2723 865 2785 in
882 2720 1001 2800 caelo;
1023 2731 1060 2786 ct
1077 2731 1158 2786 tunc
1175 2721 1280 2786 horno
1295 2723 1329 2786 in
1346 2719 1443 2786 caelo

322 2825 385 2890 est,
410 2819 548 2900 quando
570 2817 730 2899 agnoscit
755 2816 928 2890 Divinum,
950 2826 987 2880 et
1010 2815 1112 2882 simul
1131 2815 1222 2898 juste
1247 2825 1284 2880 ct
1310 2819 1442 2886 sincere

322 2913 588 2996 sgit,quonion1
618 2913 669 2976 ita
698 2912 871 2994 agendum
891 2921 946 2976 est
975 2912 1055 2992 quia
1082 2921 1304 2992 praeceptum
1323 2920 1379 2976 est
1406 2911 1441 2974 is

322 3006 459 3085 Verbo;
485 3009 531 3070 sic
547 3005 640 3086 juste
659 3016 695 3070 et
713 3007 845 3070 sincere
864 3007 951 3070 vivit
969 3015 1111 3090 propter
1127 3005 1301 3080 Divinum,
1316 3015 1354 3070 ct
1372 3023 1442 3070 nou

322 3112 462 3185 propter
481 3113 591 3166 semet
611 3112 646 3165 et
666 3101 841 3174 mundum,
862 3111 899 3164 ut
919 3100 1014 3164 fines.
1058 3099 1127 3164 Sed
1146 3101 1196 3163 ita
1214 3121 1317 3182 agere
1337 3119 1439 3164 nemo

322 3207 450 3280 potest,
469 3198 531 3260 nisi
555 3197 645 3278 prius
663 3193 849 3259 instrutius
868 3196 935 3272 sit;
967 3205 1015 3270 ut,
1035 3194 1127 3277 quod
1152 3195 1245 3258 Deus
1264 3195 1322 3268 sit,
1343 3195 1435 3276 quod

321 3292 453 3356 caelum
488 3302 524 3356 et
557 3291 724 3355 infernum
755 3289 835 3365 sint,
864 3285 955 3372 quod
985 3287 1058 3353 vita
1090 3299 1171 3372 post
1205 3299 1352 3352 mortem
1382 3290 1438 3363 sit,

320 3387 412 3470 quod
437 3385 530 3450 Deus
554 3405 655 3468 supra
678 3385 793 3448 omnia
816 3384 984 3447 arnaudus
1007 3385 1064 3459 sit,
1089 3393 1124 3447 et
1148 3383 1239 3466 quod
1263 3384 1440 3466 proximus

319 3484 407 3545 sicut
423 3482 506 3564 ipse,
524 3490 559 3544 et
575 3481 667 3563 quod
683 3481 856 3544 credenda
871 3480 940 3544 sint
956 3499 1044 3560 quae
1060 3479 1095 3542 in
1110 3477 1239 3552 Verbo,
1257 3479 1335 3560 quia
1350 3476 1439 3540 Ver-

319 3577 398 3640 bum
416 3587 469 3639 est
486 3576 657 3639 Divinum.
702 3575 845 3656 Absque
858 3575 1059 3655 cognitione
1075 3582 1110 3636 et
1125 3575 1301 3654 agnitione
1317 3571 1438 3635 horum

318 3671 424 3735 horno
442 3687 512 3734 non
532 3679 649 3754 potest
664 3669 888 3752 spiritualiter
902 3669 1080 3750 cogitare:
1103 3677 1140 3732 et
1159 3667 1288 3749 absque
1303 3667 1438 3748 cogita·

319 3768 415 3830 tione
433 3767 478 3830 de
496 3766 563 3829 illis
582 3783 652 3828 non
669 3764 745 3828 vult
764 3764 834 3840 ills,
854 3781 934 3828 nam
954 3783 1041 3846 quse
1059 3761 1165 3828 homo
1182 3782 1253 3826 non
1272 3763 1348 3835 scit,
1369 3781 1438 3824 non

233 3859 235 3864 ’
318 3861 474 3942 cogitare
501 3867 632 3941 potest,
656 3867 691 3922 et
719 3877 806 3940 quae
836 3877 905 3920 non
929 3858 1064 3938 cogitat
1096 3875 1165 3920 non
1194 3855 1286 3922 veile
1308 3863 1437 3935 potest.

318 3955 405 4020 Cum
424 3956 540 4037 itaque
563 3953 669 4017 homo
691 3952 766 4016 vult
790 3951 861 4028 illa,
882 3961 964 4015 tunc
987 3950 1097 4014 influit
1115 3951 1261 4025 caelum,
1281 3949 1346 4013 hoc
1371 3958 1436 4022 est,

317 4069 379 4134 per
401 4049 534 4113 caelum
562 4049 729 4113 Dominus
759 4048 793 4110 in
822 4047 931 4111 vitsrn
954 4046 1121 4124 hominm
1154 4063 1235 4110 nam
1264 4043 1375 4111 influit
1403 4043 1437 4106 in

317 4145 547 4220 uoluntatem,
561 4153 597 4208 et
613 4142 783 4226 perillam
799 4144 834 4206 in
850 4141 1114 4224 cogitationem,
1125 4159 1167 4206 ac
1184 4158 1244 4220 per
1258 4149 1449 4220 utramque·

317 4241 352 4304 in
363 4241 471 4306 vitam
489 4259 497 4318 ;
522 4257 601 4302 narn
614 4239 725 4302 omnis
737 4239 810 4302 vita
821 4237 968 4302 hominis
983 4245 1037 4301 cst
1053 4235 1143 4300 inde.
1186 4233 1245 4298 Ex
1263 4233 1316 4298 his
1328 4241 1436 4316 putot.

317 4337 408 4420 quod
431 4338 560 4401 bonurn
584 4345 621 4400 et
639 4353 757 4398 rerum
780 4331 959 4416 spirituale
980 4351 1050 4396 non
1068 4331 1246 4395 discantur
1267 4349 1287 4393 e
1310 4327 1438 4393 mundo

317 4433 378 4496 sed
394 4451 414 4496 e
429 4432 537 4505 caelo.
550 4439 587 4494 et
604 4430 695 4515 quoti
711 4429 824 4492 nullus
836 4428 1029 4511 praeparari
1042 4425 1150 4509 possit
1166 4424 1210 4488 ad
1226 4421 1361 4488 caelum
1373 4422 1436 4486 nisi

317 4527 432 4590 media
454 4522 690 4589 instruttione.
736 4521 913 4605 Quantum
936 4521 1042 4585 etism
1065 4519 1234 4584 Dominus
1257 4516 1368 4582 influit
1401 4516 1436 4581 in

317 4624 425 4687 vitam
444 4620 595 4704 alicujus,
612 4629 748 4685 tanturn
764 4618 902 4682 instruit
921 4616 1040 4694 illum
1063 4631 1142 4678 narn
1160 4620 1297 4678 tanturn
1313 4629 1435 4676 accen·
