3382 5358
432 626 483 678 nr:
507 625 687 691 coquam
706 625 946 678 aucaconuu
970 626 1049 679 cuu
1074 627 1240 678 uourun.
1340 630 1398 694 143

276 801 467 884 procedens
487 821 507 864 a
523 800 684 876 Domino,
704 801 783 884 quia
800 801 904 864 idest
922 799 981 864 lux
999 799 1085 864 caeli
1103 809 1139 865 et
1154 801 1226 865 vita
1244 800 1330 864 caeli
1348 799 1396 884 (n.

281 895 453 980 126-140).

338 1005 432 1074 251.
464 991 619 1056 Influxus
648 991 757 1074 Ipsius
788 991 928 1056 Domini
958 991 1050 1074 apud
1074 992 1251 1055 hominem
1280 1002 1333 1056 est
1363 993 1397 1056 in

275 1086 424 1151 frontem
453 1087 554 1162 illius,
579 1096 615 1150 et
642 1087 723 1151 inde
745 1087 779 1150 in
803 1096 916 1150 totam
938 1087 1080 1166 faciem3
1119 1089 1279 1169 quoniam
1304 1087 1397 1151 frons

275 1181 423 1245 hominis
439 1183 686 1264 correspondet
706 1183 823 1254 amori,
843 1191 879 1244 et
898 1181 1002 1244 iacies
1020 1180 1268 1262 correspondet
1287 1185 1398 1246 omni-

276 1277 337 1341 bus
360 1277 577 1340 interioribus
600 1273 723 1358 ejusl⁸⁸>
765 1276 923 1361 'influxus
946 1275 1147 1358 angelorum
1171 1277 1397 1357 spiritualium

275 1372 365 1455 apud
384 1373 558 1436 hominem
572 1381 625 1436 est
644 1373 678 1435 in
695 1381 798 1454 caput
815 1371 886 1452 ejus
903 1373 1127 1454 undequaque
1147 1392 1167 1434 a
1185 1371 1397 1455 frontispicio

275 1477 311 1531 et
334 1467 548 1550 temporibus
571 1468 615 1530 ad
639 1485 776 1530 omnem
801 1475 935 1549 partem
959 1466 1022 1529 sub
1045 1487 1112 1548 qua
1135 1475 1189 1529 est
1208 1468 1395 1544 cerebrum,

201 1630 202 1633 ,
275 1562 354 1645 quia
386 1563 447 1626 illa
473 1564 569 1644 regio
599 1565 721 1644 capitis
751 1561 1000 1644 correspondet
1030 1561 1293 1643 intelligentiae.
1338 1561 1395 1626 In·

275 1659 387 1722 fluxus
410 1667 526 1722 autem
550 1659 751 1740 angelorum
775 1657 976 1721 caelestium
1001 1666 1055 1720 est
1080 1657 1113 1719 in
1144 1657 1238 1720 illam
1262 1667 1396 1738 partem

275 1754 398 1836 capitis
417 1754 481 1816 sub
499 1773 566 1834 qua
588 1763 643 1816 est
666 1753 886 1828 cerebellum,
906 1763 943 1816 et
961 1761 1106 1815 vocatur
1125 1754 1332 1834 occipitium,
1352 1754 1397 1817 ab

274 1849 409 1912 auribus
421 1849 646 1930 undequaque
662 1850 788 1911 circum
804 1867 910 1930 usque
929 1867 949 1910 a
968 1849 1111 1922 cervice,
1130 1867 1208 1910 nam
1226 1848 1284 1910 illa
1300 1850 1395 1930 regio

274 1944 521 2026 correspondet
540 1943 741 2024 sapientiae.
788 1939 908 2005 Omnis
931 1941 1070 2024 loquela
1092 1942 1293 2024 angelorum
1317 1963 1394 2007 cum

273 2039 412 2102 homine
434 2039 540 2102 intrat
568 2057 628 2119 per
653 2036 730 2100 illas
752 2037 826 2100 vias
849 2039 882 2099 in
910 2039 1142 2118 cogitationes
1172 2035 1254 2115 ejus.
1309 2037 1394 2101 lnde

273 2143 519 2216 apperccptum
535 2143 601 2208 est,
616 2134 752 2215 quinam
772 2132 887 2214 angeli
902 2131 1050 2206 fuerunt,
1064 2135 1120 2215 qui
1137 2148 1270 2196 mecum
1287 2133 1394 2196 locuti

273 2239 364 2292 sunt.

337 2339 431 2408 ψ.
461 2321 528 2404 Qui
544 2323 729 2405 loquuntur
743 2341 822 2386 cum
834 2321 968 2404 angelis
982 2321 1078 2393 caeli.
1093 2321 1141 2386 illi
1154 2324 1260 2386 etiam
1273 2323 1393 2388 vident

273 2439 314 2483 ea
337 2439 425 2501 quae
448 2420 482 2481 in
506 2419 604 2481 caelo
627 2427 720 2492 sunt,
740 2419 818 2501 quia
840 2419 960 2482 vident
984 2439 1029 2481 ex
1052 2418 1128 2481 luce
1151 2418 1248 2493 caeli,
1269 2420 1303 2480 in
1326 2439 1394 2500 qua

272 2515 435 2577 interiora
451 2532 567 2576 eorum
580 2523 660 2576 sunt
675 2533 682 2591 ;
705 2515 812 2576 etiam
824 2513 941 2596 angeli
957 2533 1017 2597 per
1027 2512 1104 2576 illos
1116 2514 1235 2576 vident
1253 2534 1392 2595 eaquae
1508 2547 1513 2556 ·

240 2607 243 2614 ’
272 2611 305 2672 in
325 2609 449 2672 tellure
469 2617 549 2672 sunt
563 2605 610 2686 3ltt)
633 2619 687 2672 est
706 2611 795 2672 enim
813 2610 903 2689 apud
922 2608 1000 2672 illos
1018 2609 1152 2673 caelum
1172 2607 1392 2690 conjunctum

272 2703 411 2776 mundo,
431 2712 468 2765 et
491 2702 637 2765 mundus
667 2701 867 2783 conjunctus
892 2703 1016 2780 =caelo;
1051 2722 1130 2764 nam
1155 2712 1318 2784 utsupra
1343 2701 1391 2784 (n.

272 2798 348 2882 246)
369 2797 498 2862 dictum
520 2807 585 2874 est,
605 2817 683 2862 cum
706 2799 821 2880 angeli
845 2819 881 2861 se
905 2807 1114 2862 convertunt
1137 2799 1180 2861 ad
1203 2798 1390 2874 hominem,

271 2915 308 2956 se
324 2893 536 2975 conjungunt
553 2895 584 2956 ei
602 2895 662 2969 ita,
683 2903 721 2956 ut
740 2913 809 2956 non
828 2894 929 2956 aliter
945 2895 1056 2956 sciant
1076 2911 1177 2976 quam
1197 2894 1288 2976 quod
1305 2913 1392 2976 quae

271 2989 419 3052 hominis
442 2997 533 3062 sunt,
554 3009 615 3052 sua
637 2989 717 3064 sint,
738 3007 807 3052 non
830 2989 936 3051 modo
954 2989 1014 3051 illa
1036 3009 1123 3070 quae
1142 2989 1301 3071 loquelae
1319 2989 1391 3069 ejus

271 3091 362 3158 sunt,
382 3084 444 3146 sed
468 3085 574 3147 etiam
597 3083 657 3146 illa
683 3105 770 3166 quae
793 3085 885 3147 visus
908 3095 943 3147 et
967 3085 1102 3148 auditus
1125 3080 1250 3162 ¹¹¹sunt;
1286 3084 1390 3148 homo

271 3180 377 3242 etiam
406 3181 562 3242 vicissim
583 3200 652 3242 non
682 3180 784 3243 aliter
813 3181 890 3255 scit,
915 3176 1042 3261 ¹²¹quam
1071 3179 1191 3262 [quod]
1216 3201 1302 3262 quae
1332 3201 1391 3262 per

270 3274 414 3356 angelos
430 3274 584 3350 influunt,
598 3295 658 3337 sua
674 3277 752 3338 sint.
799 3275 838 3337 In
855 3275 917 3338 tali
933 3274 1172 3356 conjunctione
1189 3296 1265 3339 cum
1282 3295 1402 3357 ange-1

270 3370 311 3432 lis
323 3371 409 3434 caeli
422 3371 555 3434 luerunt
568 3372 794 3454 antiquissimi
807 3371 839 3434 in
854 3372 918 3435 hac
932 3371 1069 3448 tellure,'
1078 3391 1220 3454 quorum
1233 3382 1391 3454 tempora
1410 3387 1412 3392 ·

270 3465 349 3528 ideo
363 3475 490 3529 vocata
513 3476 592 3529 sunt
616 3465 797 3530 Saeculum
821 3487 979 3530 aureum:
1008 3467 1057 3530 illi
1076 3469 1154 3549 quia
1172 3477 1389 3548 agnoverunt

270 3559 431 3623 Divinum
462 3561 525 3624 sub
555 3559 716 3625 Humana
744 3561 863 3637 forma,
883 3563 933 3626 ita
956 3561 1153 3638 Dominum,
1174 3562 1280 3626 locuti
1308 3573 1389 3625 sunt

673 3757 711 3807 (rx
724 3767 821 3799 arcanus
832 3759 994 3810 cursum)

323 3858 373 3926 (ss)
399 3855 489 3930 Quod
509 3859 592 3914 frons
608 3861 841 3930 correspondeat
856 3859 951 3914 amori
966 3861 1097 3924 caelesti,
1112 3871 1142 3916 et
1158 3861 1228 3917 inde
1244 3861 1273 3918 in
1288 3861 1389 3919 Verbo

269 3927 419 4000 significet
432 3929 515 3984 illum
529 3945 661 3985 amorem
677 3933 717 3998 (n.
730 3931 822 3999 9936).

321 3998 412 4070 Quod
428 3999 519 4056 iacies
530 4003 765 4072 correspondeat
778 4001 970 4056 interioribus
983 4001 1123 4066 hominis,
1135 4019 1212 4074 quae
1224 4016 1295 4060 sunt
1306 4021 1323 4060 c
1366 4007 1388 4050 '-

268 4069 394 4125 tationis
413 4080 444 4125 et
468 4071 635 4126 allectionis
656 4075 696 4138 (n.
724 4072 799 4142 1568,
820 4071 897 4142 2988,
917 4073 995 4142 2989,
1016 4073 1093 4144 3631.
1112 4075 1191 4144 4796.
1210 4089 1290 4144 4797,
1308 4092 1327 4144 4
1381 4119 1388 4141 ‚

271 4141 634 4282 sffilsjrlrlclsetlglns’ssllgl
641 4213 679 4268 ad
694 4213 992 4285 correspondentiam
1011 4214 1187 4270 interiorum
1203 4215 1331 4274 formata
1348 4219 1389 4274 sit

270 4283 311 4350 (η’
321 4283 529 4426 &11⁹‹ld4lrltl’el‘
547 4291 651 4411 aselle?
667 4355 697 4408 in
712 4353 813 4412 Verbo
831 4353 980 4428 significet
998 4356 1142 4412 interiora
1161 4357 1202 4428 (n.
1218 4321 1293 4430 199q,
1309 4374 1387 4430 ²434·

268 4435 345 4493 35²7,
358 4423 437 4491 40⁶⁶·
449 4424 543 4494 479⁶)·

317 4522 367 4594 (tt)
396 4521 485 4596 Quod
499 4523 623 4596 spiritus
635 4526 710 4580 nihil
724 4527 841 4598 possint
853 4527 955 4583 videre
968 4543 1021 4598 per
1035 4527 1189 4584 hominem
1203 4531 1283 4602 quod
1297 4542 1343 4586 est
1357 4531 1386 4586 in

267 4594 379 4652 mundo
392 4597 450 4650 hoc
460 4596 558 4660 solari,
566 4598 617 4652 sed
630 4597 710 4668 qnod
724 4615 779 4669 per
788 4613 872 4656 meos
879 4599 985 4655 oculos
994 4599 1133 4664 viderint,
1143 4615 1234 4658 causa
1244 4603 1285 4673 (n.
1298 4602 1384 4670 1880).
