<?xml version="1.0" encoding="UTF-8"?>
<!DOCTYPE html PUBLIC "-//W3C//DTD XHTML 1.0 Transitional//EN"
    "http://www.w3.org/TR/xhtml1/DTD/xhtml1-transitional.dtd">
<html xmlns="http://www.w3.org/1999/xhtml" xml:lang="en" lang="en">
 <head>
  <title>
</title>
<meta http-equiv="Content-Type" content="text/html;charset=utf-8" />
  <meta name='ocr-system' content='tesseract 3.04.00' />
  <meta name='ocr-capabilities' content='ocr_page ocr_carea ocr_par ocr_line ocrx_word'/>
</head>
<body>
  <div class='ocr_page' id='page_1' title='image "./decaeloetejusmi00swedgoog_0180.png"; bbox 0 0 3382 5358; ppageno 0'>
   <div class='ocr_carea' id='block_1_1' title="bbox 369 618 1433 692">
    <p class='ocr_par' dir='ltr' id='par_1_1' title="bbox 369 618 1433 692">
     <span class='ocr_line' id='line_1_1' title="bbox 369 618 1433 692; baseline -0.002 -16"><span class='ocrx_word' id='word_1_1' title='bbox 369 625 420 676; x_wconf 84' lang='lat' dir='ltr'><strong>DE</strong></span> <span class='ocrx_word' id='word_1_2' title='bbox 439 618 731 690; x_wconf 78' lang='lat' dir='ltr'>CONJUNCTIONE</span> <span class='ocrx_word' id='word_1_3' title='bbox 750 621 866 674; x_wconf 79' lang='lat' dir='ltr'>CAELI</span> <span class='ocrx_word' id='word_1_4' title='bbox 884 621 963 674; x_wconf 82' lang='lat' dir='ltr'><strong>CUM</strong></span> <span class='ocrx_word' id='word_1_5' title='bbox 984 621 1153 674; x_wconf 83' lang='lat' dir='ltr'>HUMANO</span> <span class='ocrx_word' id='word_1_6' title='bbox 1172 621 1337 674; x_wconf 82' lang='lat' dir='ltr'><strong>GENERE.</strong></span> <span class='ocrx_word' id='word_1_7' title='bbox 1376 625 1433 692; x_wconf 84' lang='lat'><strong>173</strong></span> 
     </span>
    </p>
   </div>
   <div class='ocr_carea' id='block_1_2' title="bbox 309 792 1434 870">
    <p class='ocr_par' dir='ltr' id='par_1_2' title="bbox 309 792 1434 870">
     <span class='ocr_line' id='line_1_2' title="bbox 309 792 1434 870; baseline -0.004 -8"><span class='ocrx_word' id='word_1_8' title='bbox 309 795 391 862; x_wconf 89' lang='lat' dir='ltr'><strong>mini</strong></span> <span class='ocrx_word' id='word_1_9' title='bbox 413 795 458 862; x_wconf 87' lang='lat' dir='ltr'><strong>sit</strong></span> <span class='ocrx_word' id='word_1_10' title='bbox 477 795 745 860; x_wconf 84' lang='lat' dir='ltr'><strong>communicatio</strong></span> <span class='ocrx_word' id='word_1_11' title='bbox 761 813 838 858; x_wconf 90' lang='lat' dir='ltr'><strong>cum</strong></span> <span class='ocrx_word' id='word_1_12' title='bbox 857 793 1000 870; x_wconf 80' lang='lat' dir='ltr'><strong>inferno,</strong></span> <span class='ocrx_word' id='word_1_13' title='bbox 1017 803 1054 860; x_wconf 85' lang='lat' dir='ltr'><strong>et</strong></span> <span class='ocrx_word' id='word_1_14' title='bbox 1070 792 1336 858; x_wconf 80' lang='lat' dir='ltr'><strong>communicatio</strong></span> <span class='ocrx_word' id='word_1_15' title='bbox 1356 811 1434 858; x_wconf 89' lang='lat' dir='ltr'><strong>cum</strong></span> 
     </span>
    </p>
   </div>
   <div class='ocr_carea' id='block_1_3' title="bbox 309 893 1434 1074">
    <p class='ocr_par' dir='ltr' id='par_1_3' title="bbox 309 893 1434 1074">
     <span class='ocr_line' id='line_1_3' title="bbox 373 893 417 957; baseline 0.023 -1"><span class='ocrx_word' id='word_1_16' title='bbox 373 893 417 957; x_wconf 88' lang='lat' dir='ltr'><strong>io.</strong></span> 
     </span>
     <span class='ocr_line' id='line_1_4' title="bbox 309 913 1434 1074; baseline -0.004 -16"><span class='ocrx_word' id='word_1_17' title='bbox 309 913 473 1074; x_wconf 54' lang='lat' dir='ltr'><strong>mezu.</strong></span> <span class='ocrx_word' id='word_1_18' title='bbox 504 988 625 1072; x_wconf 83' lang='lat' dir='ltr'><strong>Qualis</strong></span> <span class='ocrx_word' id='word_1_19' title='bbox 653 989 920 1053; x_wconf 80' lang='lat' dir='ltr'><strong>communicatio</strong></span> <span class='ocrx_word' id='word_1_20' title='bbox 946 988 1037 1053; x_wconf 86' lang='lat' dir='ltr'><strong>caeli</strong></span> <span class='ocrx_word' id='word_1_21' title='bbox 1065 998 1122 1056; x_wconf 87' lang='lat' dir='ltr'><strong>est</strong></span> <span class='ocrx_word' id='word_1_22' title='bbox 1157 1007 1234 1054; x_wconf 87' lang='lat' dir='ltr'><strong>cum</strong></span> <span class='ocrx_word' id='word_1_23' title='bbox 1258 988 1434 1072; x_wconf 87' lang='lat' dir='ltr'><strong>spiritibus</strong></span> 
     </span>
    </p>
   </div>
   <div class='ocr_carea' id='block_1_4' title="bbox 306 1085 1439 1269">
    <p class='ocr_par' dir='ltr' id='par_1_4' title="bbox 306 1085 1439 1269">
     <span class='ocr_line' id='line_1_5' title="bbox 307 1085 1432 1171; baseline -0.001 -18"><span class='ocrx_word' id='word_1_24' title='bbox 307 1087 417 1164; x_wconf 86' lang='lat' dir='ltr'><strong>bonis,</strong></span> <span class='ocrx_word' id='word_1_25' title='bbox 434 1097 471 1153; x_wconf 87' lang='lat' dir='ltr'><strong>et</strong></span> <span class='ocrx_word' id='word_1_26' title='bbox 486 1087 596 1171; x_wconf 89' lang='lat' dir='ltr'><strong>qualis</strong></span> <span class='ocrx_word' id='word_1_27' title='bbox 612 1088 883 1152; x_wconf 85' lang='lat' dir='ltr'><strong>communicatio</strong></span> <span class='ocrx_word' id='word_1_28' title='bbox 898 1085 1019 1152; x_wconf 81' lang='lat' dir='ltr'><strong>iniemi</strong></span> <span class='ocrx_word' id='word_1_29' title='bbox 1034 1103 1113 1151; x_wconf 87' lang='lat' dir='ltr'><strong>cum</strong></span> <span class='ocrx_word' id='word_1_30' title='bbox 1129 1087 1306 1170; x_wconf 80' lang='lat' dir='ltr'><strong>spiritibus</strong></span> <span class='ocrx_word' id='word_1_31' title='bbox 1322 1087 1432 1162; x_wconf 85' lang='lat' dir='ltr'><strong>maiis,</strong></span> 
     </span>
     <span class='ocr_line' id='line_1_6' title="bbox 306 1180 1439 1269; baseline -0.001 -18"><span class='ocrx_word' id='word_1_32' title='bbox 306 1195 343 1251; x_wconf 91' lang='lat' dir='ltr'><strong>et</strong></span> <span class='ocrx_word' id='word_1_33' title='bbox 361 1186 441 1250; x_wconf 91' lang='lat' dir='ltr'><strong>inde</strong></span> <span class='ocrx_word' id='word_1_34' title='bbox 460 1185 570 1269; x_wconf 86' lang='lat' dir='ltr'><strong>qualis</strong></span> <span class='ocrx_word' id='word_1_35' title='bbox 587 1193 643 1248; x_wconf 89' lang='lat' dir='ltr'><strong>est</strong></span> <span class='ocrx_word' id='word_1_36' title='bbox 661 1180 859 1266; x_wconf 71' lang='lat' dir='ltr'><strong>conjunctio</strong></span> <span class='ocrx_word' id='word_1_37' title='bbox 876 1183 964 1248; x_wconf 86' lang='lat' dir='ltr'><strong>caeli</strong></span> <span class='ocrx_word' id='word_1_38' title='bbox 982 1193 1019 1250; x_wconf 90' lang='lat' dir='ltr'><strong>et</strong></span> <span class='ocrx_word' id='word_1_39' title='bbox 1044 1183 1165 1249; x_wconf 82' lang='lat' dir='ltr'><strong>inferni</strong></span> <span class='ocrx_word' id='word_1_40' title='bbox 1184 1203 1261 1249; x_wconf 89' lang='lat' dir='ltr'><strong>cum</strong></span> <span class='ocrx_word' id='word_1_41' title='bbox 1279 1183 1439 1260; x_wconf 56' lang='lat' dir='ltr'><strong>homine,</strong></span> 
     </span>
    </p>
   </div>
   <div class='ocr_carea' id='block_1_5' title="bbox 304 1279 1434 3907">
    <p class='ocr_par' dir='ltr' id='par_1_5' title="bbox 304 1279 1434 2538">
     <span class='ocr_line' id='line_1_7' title="bbox 306 1279 1433 1366; baseline -0.002 -18"><span class='ocrx_word' id='word_1_42' title='bbox 306 1285 412 1348; x_wconf 90' lang='lat' dir='ltr'><strong>etiam</strong></span> <span class='ocrx_word' id='word_1_43' title='bbox 433 1283 578 1347; x_wconf 89' lang='lat' dir='ltr'><strong>dicetur.</strong></span> <span class='ocrx_word' id='word_1_44' title='bbox 623 1279 755 1346; x_wconf 85' lang='lat' dir='ltr'><strong>Omnes</strong></span> <span class='ocrx_word' id='word_1_45' title='bbox 778 1283 929 1365; x_wconf 84' lang='lat' dir='ltr'><strong>spiritus,</strong></span> <span class='ocrx_word' id='word_1_46' title='bbox 949 1283 1006 1366; x_wconf 91' lang='lat' dir='ltr'><strong>qui</strong></span> <span class='ocrx_word' id='word_1_47' title='bbox 1032 1282 1066 1346; x_wconf 92' lang='lat' dir='ltr'><strong>in</strong></span> <span class='ocrx_word' id='word_1_48' title='bbox 1094 1281 1224 1346; x_wconf 91' lang='lat' dir='ltr'><strong>mundo</strong></span> <span class='ocrx_word' id='word_1_49' title='bbox 1252 1283 1433 1365; x_wconf 81' lang='lat' dir='ltr'><strong>spirituum</strong></span> 
     </span>
     <span class='ocr_line' id='line_1_8' title="bbox 305 1378 1433 1458; baseline -0.001 -13"><span class='ocrx_word' id='word_1_50' title='bbox 305 1390 398 1457; x_wconf 90' lang='lat' dir='ltr'><strong>sunt,</strong></span> <span class='ocrx_word' id='word_1_51' title='bbox 410 1379 759 1445; x_wconf 85' lang='lat' dir='ltr'><strong>communicationem</strong></span> <span class='ocrx_word' id='word_1_52' title='bbox 772 1378 903 1444; x_wconf 89' lang='lat' dir='ltr'><strong>habent</strong></span> <span class='ocrx_word' id='word_1_53' title='bbox 914 1397 992 1444; x_wconf 85' lang='lat' dir='ltr'><strong>cum</strong></span> <span class='ocrx_word' id='word_1_54' title='bbox 1004 1379 1103 1448; x_wconf 83' lang='lat' dir='ltr'><strong>caelo</strong></span> <span class='ocrx_word' id='word_1_55' title='bbox 1116 1387 1177 1446; x_wconf 92' lang='lat' dir='ltr'><strong>aut</strong></span> <span class='ocrx_word' id='word_1_56' title='bbox 1192 1397 1270 1444; x_wconf 87' lang='lat' dir='ltr'><strong>cum</strong></span> <span class='ocrx_word' id='word_1_57' title='bbox 1280 1379 1413 1444; x_wconf 81' lang='lat' dir='ltr'><strong>inferno</strong></span> <span class='ocrx_word' id='word_1_58' title='bbox 1425 1401 1433 1458; x_wconf 92' lang='lat'>;</span> 
     </span>
     <span class='ocr_line' id='line_1_9' title="bbox 305 1476 1434 1544; baseline 0 -2"><span class='ocrx_word' id='word_1_59' title='bbox 305 1478 386 1542; x_wconf 90' lang='lat' dir='ltr'><strong>maii</strong></span> <span class='ocrx_word' id='word_1_60' title='bbox 402 1497 480 1542; x_wconf 82' lang='lat' dir='ltr'><strong>cum</strong></span> <span class='ocrx_word' id='word_1_61' title='bbox 490 1477 623 1542; x_wconf 79' lang='lat' dir='ltr'><strong>inferno</strong></span> <span class='ocrx_word' id='word_1_62' title='bbox 638 1488 674 1542; x_wconf 87' lang='lat' dir='ltr'><strong>et</strong></span> <span class='ocrx_word' id='word_1_63' title='bbox 694 1477 776 1542; x_wconf 86' lang='lat' dir='ltr'><strong>boni</strong></span> <span class='ocrx_word' id='word_1_64' title='bbox 792 1495 871 1542; x_wconf 92' lang='lat' dir='ltr'><strong>cum</strong></span> <span class='ocrx_word' id='word_1_65' title='bbox 886 1477 995 1542; x_wconf 72' lang='lat' dir='ltr'><strong>caelo</strong></span> <span class='ocrx_word' id='word_1_66' title='bbox 1036 1476 1180 1544; x_wconf 87' lang='lat' dir='ltr'><strong>Caelum</strong></span> <span class='ocrx_word' id='word_1_67' title='bbox 1195 1477 1229 1542; x_wconf 90' lang='lat' dir='ltr'><strong>in</strong></span> <span class='ocrx_word' id='word_1_68' title='bbox 1245 1477 1434 1544; x_wconf 77' lang='lat' dir='ltr'><strong>societates</strong></span> 
     </span>
     <span class='ocr_line' id='line_1_10' title="bbox 305 1572 1433 1658; baseline 0 -18"><span class='ocrx_word' id='word_1_69' title='bbox 305 1585 360 1640; x_wconf 89' lang='lat' dir='ltr'><strong>est</strong></span> <span class='ocrx_word' id='word_1_70' title='bbox 374 1572 588 1650; x_wconf 65' lang='lat' dir='ltr'><strong>distinetum</strong></span> <span class='ocrx_word' id='word_1_71' title='bbox 606 1574 765 1639; x_wconf 89' lang='lat' dir='ltr'><strong>similiter</strong></span> <span class='ocrx_word' id='word_1_72' title='bbox 779 1574 971 1654; x_wconf 73' lang='lat' dir='ltr'><strong>internum3</strong></span> <span class='ocrx_word' id='word_1_73' title='bbox 994 1577 1224 1658; x_wconf 84' lang='lat' dir='ltr'><strong>unusquisque</strong></span> <span class='ocrx_word' id='word_1_74' title='bbox 1233 1575 1373 1658; x_wconf 91' lang='lat' dir='ltr'><strong>spiritus</strong></span> <span class='ocrx_word' id='word_1_75' title='bbox 1388 1576 1433 1640; x_wconf 88' lang='lat' dir='ltr'><strong>ad</strong></span> 
     </span>
     <span class='ocr_line' id='line_1_11' title="bbox 305 1656 1433 1758; baseline -0.001 -20"><span class='ocrx_word' id='word_1_76' title='bbox 305 1656 454 1758; x_wconf 81' lang='lat' dir='ltr'><strong>aliquam</strong></span> <span class='ocrx_word' id='word_1_77' title='bbox 470 1675 676 1742; x_wconf 89' lang='lat' dir='ltr'><strong>societatem</strong></span> <span class='ocrx_word' id='word_1_78' title='bbox 688 1673 852 1756; x_wconf 83' lang='lat' dir='ltr'><strong>pertinet,</strong></span> <span class='ocrx_word' id='word_1_79' title='bbox 863 1681 899 1736; x_wconf 87' lang='lat' dir='ltr'><strong>et</strong></span> <span class='ocrx_word' id='word_1_80' title='bbox 915 1693 1050 1756; x_wconf 86' lang='lat' dir='ltr'><strong>quoque</strong></span> <span class='ocrx_word' id='word_1_81' title='bbox 1066 1673 1223 1738; x_wconf 79' lang='lat' dir='ltr'><strong>subsistit</strong></span> <span class='ocrx_word' id='word_1_82' title='bbox 1238 1693 1285 1738; x_wconf 86' lang='lat' dir='ltr'><strong>ex</strong></span> <span class='ocrx_word' id='word_1_83' title='bbox 1301 1671 1433 1737; x_wconf 80' lang='lat' dir='ltr'><strong>influxu</strong></span> 
     </span>
     <span class='ocr_line' id='line_1_12' title="bbox 304 1769 1433 1854; baseline 0 -18"><span class='ocrx_word' id='word_1_84' title='bbox 304 1771 397 1846; x_wconf 86' lang='lat' dir='ltr'><strong>inde,</strong></span> <span class='ocrx_word' id='word_1_85' title='bbox 417 1772 468 1835; x_wconf 87' lang='lat' dir='ltr'><strong>ita</strong></span> <span class='ocrx_word' id='word_1_86' title='bbox 494 1789 572 1834; x_wconf 88' lang='lat' dir='ltr'><strong>cum</strong></span> <span class='ocrx_word' id='word_1_87' title='bbox 599 1770 660 1834; x_wconf 91' lang='lat' dir='ltr'><strong>illa</strong></span> <span class='ocrx_word' id='word_1_88' title='bbox 678 1789 782 1834; x_wconf 88' lang='lat' dir='ltr'><strong>unum</strong></span> <span class='ocrx_word' id='word_1_89' title='bbox 802 1771 897 1852; x_wconf 80' lang='lat' dir='ltr'><strong>agit:</strong></span> <span class='ocrx_word' id='word_1_90' title='bbox 923 1771 1003 1834; x_wconf 84' lang='lat' dir='ltr'><strong>inde</strong></span> <span class='ocrx_word' id='word_1_91' title='bbox 1022 1779 1088 1845; x_wconf 87' lang='lat' dir='ltr'><strong>est,</strong></span> <span class='ocrx_word' id='word_1_92' title='bbox 1108 1769 1202 1854; x_wconf 89' lang='lat' dir='ltr'><strong>quod</strong></span> <span class='ocrx_word' id='word_1_93' title='bbox 1220 1771 1309 1836; x_wconf 82' lang='lat' dir='ltr'><strong>sicut</strong></span> <span class='ocrx_word' id='word_1_94' title='bbox 1328 1769 1433 1836; x_wconf 88' lang='lat' dir='ltr'><strong>homo</strong></span> 
     </span>
     <span class='ocr_line' id='line_1_13' title="bbox 304 1866 1433 1951; baseline 0 -17"><span class='ocrx_word' id='word_1_95' title='bbox 304 1879 359 1934; x_wconf 86' lang='lat' dir='ltr'><strong>est</strong></span> <span class='ocrx_word' id='word_1_96' title='bbox 372 1866 574 1950; x_wconf 78' lang='lat' dir='ltr'><strong>conjundtus</strong></span> <span class='ocrx_word' id='word_1_97' title='bbox 592 1887 671 1933; x_wconf 90' lang='lat' dir='ltr'><strong>cum</strong></span> <span class='ocrx_word' id='word_1_98' title='bbox 685 1868 872 1951; x_wconf 84' lang='lat' dir='ltr'><strong>spiritibus,</strong></span> <span class='ocrx_word' id='word_1_99' title='bbox 884 1869 935 1932; x_wconf 88' lang='lat' dir='ltr'><strong>ita</strong></span> <span class='ocrx_word' id='word_1_100' title='bbox 952 1869 999 1932; x_wconf 87' lang='lat' dir='ltr'><strong>sit</strong></span> <span class='ocrx_word' id='word_1_101' title='bbox 1016 1866 1219 1950; x_wconf 68' lang='lat' dir='ltr'><strong>conjunctus</strong></span> <span class='ocrx_word' id='word_1_102' title='bbox 1238 1887 1316 1934; x_wconf 91' lang='lat' dir='ltr'><strong>cum</strong></span> <span class='ocrx_word' id='word_1_103' title='bbox 1335 1868 1433 1934; x_wconf 88' lang='lat' dir='ltr'><strong>caelo</strong></span> 
     </span>
     <span class='ocr_line' id='line_1_14' title="bbox 304 1963 1433 2049; baseline -0.002 -17"><span class='ocrx_word' id='word_1_104' title='bbox 304 1977 365 2032; x_wconf 84' lang='lat' dir='ltr'><strong>aut</strong></span> <span class='ocrx_word' id='word_1_105' title='bbox 383 1982 461 2031; x_wconf 90' lang='lat' dir='ltr'><strong>cum</strong></span> <span class='ocrx_word' id='word_1_106' title='bbox 480 1963 633 2044; x_wconf 80' lang='lat' dir='ltr'><strong>iniem03</strong></span> <span class='ocrx_word' id='word_1_107' title='bbox 656 1975 693 2030; x_wconf 86' lang='lat' dir='ltr'><strong>et</strong></span> <span class='ocrx_word' id='word_1_108' title='bbox 711 1966 850 2048; x_wconf 83' lang='lat' dir='ltr'><strong>quidem</strong></span> <span class='ocrx_word' id='word_1_109' title='bbox 870 1985 949 2030; x_wconf 85' lang='lat' dir='ltr'><strong>cum</strong></span> <span class='ocrx_word' id='word_1_110' title='bbox 967 1965 1028 2030; x_wconf 89' lang='lat' dir='ltr'><strong>illa</strong></span> <span class='ocrx_word' id='word_1_111' title='bbox 1046 1967 1216 2031; x_wconf 86' lang='lat' dir='ltr'><strong>societate</strong></span> <span class='ocrx_word' id='word_1_112' title='bbox 1234 1967 1292 2042; x_wconf 77' lang='lat' dir='ltr'><strong>ibi,</strong></span> <span class='ocrx_word' id='word_1_113' title='bbox 1312 1967 1347 2030; x_wconf 86' lang='lat' dir='ltr'><strong>in</strong></span> <span class='ocrx_word' id='word_1_114' title='bbox 1366 1985 1433 2049; x_wconf 88' lang='lat' dir='ltr'><strong>qua</strong></span> 
     </span>
     <span class='ocr_line' id='line_1_15' title="bbox 304 2060 1432 2147; baseline 0 -19"><span class='ocrx_word' id='word_1_115' title='bbox 304 2075 360 2129; x_wconf 82' lang='lat' dir='ltr'><strong>est</strong></span> <span class='ocrx_word' id='word_1_116' title='bbox 371 2063 486 2147; x_wconf 88' lang='lat' dir='ltr'><strong>quoad</strong></span> <span class='ocrx_word' id='word_1_117' title='bbox 499 2081 596 2127; x_wconf 89' lang='lat' dir='ltr'><strong>suam</strong></span> <span class='ocrx_word' id='word_1_118' title='bbox 608 2060 824 2128; x_wconf 68' lang='lat' dir='ltr'><strong>affectionem</strong></span> <span class='ocrx_word' id='word_1_119' title='bbox 840 2083 901 2127; x_wconf 89' lang='lat' dir='ltr'><strong>seu</strong></span> <span class='ocrx_word' id='word_1_120' title='bbox 912 2063 1026 2147; x_wconf 87' lang='lat' dir='ltr'><strong>quoad</strong></span> <span class='ocrx_word' id='word_1_121' title='bbox 1042 2082 1139 2128; x_wconf 80' lang='lat' dir='ltr'><strong>suum</strong></span> <span class='ocrx_word' id='word_1_122' title='bbox 1155 2083 1328 2142; x_wconf 86' lang='lat' dir='ltr'><strong>amorem;</strong></span> <span class='ocrx_word' id='word_1_123' title='bbox 1352 2083 1432 2128; x_wconf 81' lang='lat' dir='ltr'><strong>nant</strong></span> 
     </span>
     <span class='ocr_line' id='line_1_16' title="bbox 305 2158 1431 2226; baseline 0 -2"><span class='ocrx_word' id='word_1_124' title='bbox 305 2181 426 2224; x_wconf 89' lang='lat' dir='ltr'><strong>omnes</strong></span> <span class='ocrx_word' id='word_1_125' title='bbox 445 2162 634 2226; x_wconf 85' lang='lat' dir='ltr'><strong>societates</strong></span> <span class='ocrx_word' id='word_1_126' title='bbox 653 2161 739 2226; x_wconf 89' lang='lat' dir='ltr'><strong>caeli</strong></span> <span class='ocrx_word' id='word_1_127' title='bbox 758 2159 944 2226; x_wconf 70' lang='lat' dir='ltr'><strong>distindtae</strong></span> <span class='ocrx_word' id='word_1_128' title='bbox 970 2171 1052 2226; x_wconf 88' lang='lat' dir='ltr'><strong>sunt</strong></span> <span class='ocrx_word' id='word_1_129' title='bbox 1071 2161 1259 2226; x_wconf 82' lang='lat' dir='ltr'><strong>secundum</strong></span> <span class='ocrx_word' id='word_1_130' title='bbox 1278 2158 1431 2225; x_wconf 64' lang='lat' dir='ltr'><strong>affectio—</strong></span> 
     </span>
     <span class='ocr_line' id='line_1_17' title="bbox 305 2258 1432 2338; baseline 0 -16"><span class='ocrx_word' id='word_1_131' title='bbox 305 2277 368 2322; x_wconf 86' lang='lat' dir='ltr'><strong>nes</strong></span> <span class='ocrx_word' id='word_1_132' title='bbox 390 2259 472 2322; x_wconf 90' lang='lat' dir='ltr'><strong>boni</strong></span> <span class='ocrx_word' id='word_1_133' title='bbox 498 2268 534 2323; x_wconf 88' lang='lat' dir='ltr'><strong>et</strong></span> <span class='ocrx_word' id='word_1_134' title='bbox 564 2260 655 2338; x_wconf 81' lang='lat' dir='ltr'><strong>veri,</strong></span> <span class='ocrx_word' id='word_1_135' title='bbox 686 2267 723 2324; x_wconf 91' lang='lat' dir='ltr'><strong>et</strong></span> <span class='ocrx_word' id='word_1_136' title='bbox 746 2276 867 2324; x_wconf 85' lang='lat' dir='ltr'><strong>omnes</strong></span> <span class='ocrx_word' id='word_1_137' title='bbox 890 2261 1079 2324; x_wconf 82' lang='lat' dir='ltr'><strong>societates</strong></span> <span class='ocrx_word' id='word_1_138' title='bbox 1101 2259 1221 2324; x_wconf 77' lang='lat' dir='ltr'><strong>inferni</strong></span> <span class='ocrx_word' id='word_1_139' title='bbox 1244 2258 1432 2323; x_wconf 77' lang='lat' dir='ltr'><strong>secerrdum</strong></span> 
     </span>
     <span class='ocr_line' id='line_1_18' title="bbox 304 2351 1434 2440; baseline 0 -20"><span class='ocrx_word' id='word_1_140' title='bbox 304 2351 504 2421; x_wconf 65' lang='lat' dir='ltr'><strong>affectiones</strong></span> <span class='ocrx_word' id='word_1_141' title='bbox 523 2357 604 2420; x_wconf 90' lang='lat' dir='ltr'><strong>mali</strong></span> <span class='ocrx_word' id='word_1_142' title='bbox 624 2365 661 2421; x_wconf 90' lang='lat' dir='ltr'><strong>et</strong></span> <span class='ocrx_word' id='word_1_143' title='bbox 681 2356 767 2420; x_wconf 86' lang='lat' dir='ltr'><strong>faisi.</strong></span> <span class='ocrx_word' id='word_1_144' title='bbox 814 2355 883 2440; x_wconf 93' lang='lat' dir='ltr'><strong>(De</strong></span> <span class='ocrx_word' id='word_1_145' title='bbox 903 2355 1138 2422; x_wconf 73' lang='lat' dir='ltr'><strong>societatibus</strong></span> <span class='ocrx_word' id='word_1_146' title='bbox 1160 2356 1257 2422; x_wconf 85' lang='lat' dir='ltr'><strong>Caeli</strong></span> <span class='ocrx_word' id='word_1_147' title='bbox 1275 2357 1434 2422; x_wconf 83' lang='lat' dir='ltr'><strong>videatur</strong></span> 
     </span>
     <span class='ocr_line' id='line_1_19' title="bbox 306 2453 939 2538; baseline 0.006 -24"><span class='ocrx_word' id='word_1_148' title='bbox 306 2473 419 2537; x_wconf 87' lang='lat' dir='ltr'><strong>supra,</strong></span> <span class='ocrx_word' id='word_1_149' title='bbox 436 2473 468 2518; x_wconf 94' lang='lat' dir='ltr'><strong>n.</strong></span> <span class='ocrx_word' id='word_1_150' title='bbox 487 2467 604 2535; x_wconf 82' lang='lat'>41-45‚</span> <span class='ocrx_word' id='word_1_151' title='bbox 622 2463 696 2518; x_wconf 91' lang='lat' dir='ltr'><strong>tum</strong></span> <span class='ocrx_word' id='word_1_152' title='bbox 712 2473 745 2517; x_wconf 91' lang='lat' dir='ltr'><strong>n.</strong></span> <span class='ocrx_word' id='word_1_153' title='bbox 768 2453 939 2538; x_wconf 79' lang='lat'>148-151.)</span> 
     </span>
    </p>

    <p class='ocr_par' dir='ltr' id='par_1_6' title="bbox 304 2550 1433 3907">
     <span class='ocr_line' id='line_1_20' title="bbox 368 2550 1432 2635; baseline 0 -17"><span class='ocrx_word' id='word_1_154' title='bbox 368 2563 468 2634; x_wconf 73' lang='lat'><strong>¹95·</strong></span> <span class='ocrx_word' id='word_1_155' title='bbox 498 2551 604 2615; x_wconf 89' lang='lat' dir='ltr'><strong>Tales</strong></span> <span class='ocrx_word' id='word_1_156' title='bbox 631 2553 771 2634; x_wconf 86' lang='lat' dir='ltr'><strong>spiritus</strong></span> <span class='ocrx_word' id='word_1_157' title='bbox 789 2553 921 2617; x_wconf 90' lang='lat' dir='ltr'><strong>homini</strong></span> <span class='ocrx_word' id='word_1_158' title='bbox 939 2550 1091 2635; x_wconf 70' lang='lat' dir='ltr'><strong>adjuncti</strong></span> <span class='ocrx_word' id='word_1_159' title='bbox 1110 2562 1201 2628; x_wconf 84' lang='lat' dir='ltr'><strong>sunt,</strong></span> <span class='ocrx_word' id='word_1_160' title='bbox 1221 2551 1334 2635; x_wconf 86' lang='lat' dir='ltr'><strong>qualis</strong></span> <span class='ocrx_word' id='word_1_161' title='bbox 1357 2553 1432 2635; x_wconf 84' lang='lat' dir='ltr'><strong>ipse</strong></span> 
     </span>
     <span class='ocr_line' id='line_1_21' title="bbox 304 2646 1431 2734; baseline 0.002 -22"><span class='ocrx_word' id='word_1_162' title='bbox 304 2655 359 2712; x_wconf 87' lang='lat' dir='ltr'><strong>est</strong></span> <span class='ocrx_word' id='word_1_163' title='bbox 378 2650 492 2732; x_wconf 91' lang='lat' dir='ltr'><strong>quoad</strong></span> <span class='ocrx_word' id='word_1_164' title='bbox 511 2646 729 2714; x_wconf 71' lang='lat' dir='ltr'><strong>affediionem</strong></span> <span class='ocrx_word' id='word_1_165' title='bbox 747 2650 803 2715; x_wconf 81' lang='lat' dir='ltr'><strong>vel</strong></span> <span class='ocrx_word' id='word_1_166' title='bbox 822 2651 936 2734; x_wconf 88' lang='lat' dir='ltr'><strong>quoad</strong></span> <span class='ocrx_word' id='word_1_167' title='bbox 956 2667 1121 2728; x_wconf 84' lang='lat' dir='ltr'><strong>amorem,</strong></span> <span class='ocrx_word' id='word_1_168' title='bbox 1142 2650 1204 2714; x_wconf 85' lang='lat' dir='ltr'><strong>sed</strong></span> <span class='ocrx_word' id='word_1_169' title='bbox 1231 2651 1313 2715; x_wconf 92' lang='lat' dir='ltr'><strong>boni</strong></span> <span class='ocrx_word' id='word_1_170' title='bbox 1331 2651 1431 2733; x_wconf 84' lang='lat' dir='ltr'><strong>spiri·</strong></span> 
     </span>
     <span class='ocr_line' id='line_1_22' title="bbox 304 2747 1432 2830; baseline 0.002 -20"><span class='ocrx_word' id='word_1_171' title='bbox 304 2753 361 2810; x_wconf 89' lang='lat' dir='ltr'><strong>tus</strong></span> <span class='ocrx_word' id='word_1_172' title='bbox 377 2747 408 2810; x_wconf 92' lang='lat' dir='ltr'><strong>ei</strong></span> <span class='ocrx_word' id='word_1_173' title='bbox 427 2747 659 2829; x_wconf 82' lang='lat' dir='ltr'><strong>adjunguntur</strong></span> <span class='ocrx_word' id='word_1_174' title='bbox 678 2769 698 2813; x_wconf 91' lang='lat' dir='ltr'><strong>a</strong></span> <span class='ocrx_word' id='word_1_175' title='bbox 716 2747 881 2826; x_wconf 86' lang='lat' dir='ltr'><strong>Domino,</strong></span> <span class='ocrx_word' id='word_1_176' title='bbox 897 2758 935 2813; x_wconf 92' lang='lat' dir='ltr'><strong>at</strong></span> <span class='ocrx_word' id='word_1_177' title='bbox 958 2748 1039 2812; x_wconf 90' lang='lat' dir='ltr'><strong>mali</strong></span> <span class='ocrx_word' id='word_1_178' title='bbox 1058 2758 1277 2813; x_wconf 87' lang='lat' dir='ltr'><strong>arcessuntur</strong></span> <span class='ocrx_word' id='word_1_179' title='bbox 1294 2747 1432 2830; x_wconf 87' lang='lat' dir='ltr'><strong>abipso</strong></span> 
     </span>
     <span class='ocr_line' id='line_1_23' title="bbox 304 2842 1433 2929; baseline 0.004 -23"><span class='ocrx_word' id='word_1_180' title='bbox 304 2843 454 2908; x_wconf 89' lang='lat' dir='ltr'><strong>homine.</strong></span> <span class='ocrx_word' id='word_1_181' title='bbox 473 2842 603 2908; x_wconf 88' lang='lat' dir='ltr'><strong>Verum</strong></span> <span class='ocrx_word' id='word_1_182' title='bbox 617 2855 795 2910; x_wconf 88' lang='lat' dir='ltr'><strong>mutantur</strong></span> <span class='ocrx_word' id='word_1_183' title='bbox 807 2847 944 2929; x_wconf 90' lang='lat' dir='ltr'><strong>spiritus</strong></span> <span class='ocrx_word' id='word_1_184' title='bbox 956 2847 1046 2929; x_wconf 82' lang='lat' dir='ltr'><strong>apud</strong></span> <span class='ocrx_word' id='word_1_185' title='bbox 1059 2845 1232 2911; x_wconf 87' lang='lat' dir='ltr'><strong>hominem</strong></span> <span class='ocrx_word' id='word_1_186' title='bbox 1245 2845 1433 2910; x_wconf 88' lang='lat' dir='ltr'><strong>secundum</strong></span> 
     </span>
     <span class='ocr_line' id='line_1_24' title="bbox 305 2941 1432 3026; baseline 0.002 -22"><span class='ocrx_word' id='word_1_187' title='bbox 305 2943 516 3006; x_wconf 85' lang='lat' dir='ltr'><strong>mutationes</strong></span> <span class='ocrx_word' id='word_1_188' title='bbox 539 2941 610 3024; x_wconf 87' lang='lat' dir='ltr'><strong>ejus</strong></span> <span class='ocrx_word' id='word_1_189' title='bbox 633 2941 875 3022; x_wconf 66' lang='lat' dir='ltr'><strong>affectionum</strong></span> <span class='ocrx_word' id='word_1_190' title='bbox 900 2943 984 3007; x_wconf 85' lang='lat' dir='ltr'><strong>inde</strong></span> <span class='ocrx_word' id='word_1_191' title='bbox 1003 2945 1059 3008; x_wconf 89' lang='lat' dir='ltr'><strong>alii</strong></span> <span class='ocrx_word' id='word_1_192' title='bbox 1082 2945 1114 3007; x_wconf 89' lang='lat' dir='ltr'><strong>ei</strong></span> <span class='ocrx_word' id='word_1_193' title='bbox 1137 2945 1276 3026; x_wconf 85' lang='lat' dir='ltr'><strong>spiritus</strong></span> <span class='ocrx_word' id='word_1_194' title='bbox 1295 2953 1375 3007; x_wconf 86' lang='lat' dir='ltr'><strong>sunt</strong></span> <span class='ocrx_word' id='word_1_195' title='bbox 1398 2943 1432 3006; x_wconf 93' lang='lat' dir='ltr'><strong>in</strong></span> 
     </span>
     <span class='ocr_line' id='line_1_25' title="bbox 304 3039 1431 3124; baseline 0.002 -22"><span class='ocrx_word' id='word_1_196' title='bbox 304 3039 457 3116; x_wconf 82' lang='lat' dir='ltr'><strong>infantia,</strong></span> <span class='ocrx_word' id='word_1_197' title='bbox 478 3040 535 3104; x_wconf 92' lang='lat' dir='ltr'><strong>alii</strong></span> <span class='ocrx_word' id='word_1_198' title='bbox 558 3041 593 3104; x_wconf 88' lang='lat' dir='ltr'><strong>in</strong></span> <span class='ocrx_word' id='word_1_199' title='bbox 612 3041 767 3124; x_wconf 86' lang='lat' dir='ltr'><strong>pueritia,</strong></span> <span class='ocrx_word' id='word_1_200' title='bbox 788 3040 844 3105; x_wconf 90' lang='lat' dir='ltr'><strong>aiii</strong></span> <span class='ocrx_word' id='word_1_201' title='bbox 867 3041 901 3105; x_wconf 88' lang='lat' dir='ltr'><strong>in</strong></span> <span class='ocrx_word' id='word_1_202' title='bbox 924 3041 1160 3108; x_wconf 90' lang='lat' dir='ltr'><strong>adolescentia</strong></span> <span class='ocrx_word' id='word_1_203' title='bbox 1182 3052 1219 3106; x_wconf 88' lang='lat' dir='ltr'><strong>et</strong></span> <span class='ocrx_word' id='word_1_204' title='bbox 1238 3041 1431 3123; x_wconf 78' lang='lat' dir='ltr'><strong>juventute,</strong></span> 
     </span>
     <span class='ocr_line' id='line_1_26' title="bbox 304 3136 1432 3222; baseline 0.003 -22"><span class='ocrx_word' id='word_1_205' title='bbox 304 3136 413 3201; x_wconf 87' lang='lat' dir='ltr'><strong>etalii</strong></span> <span class='ocrx_word' id='word_1_206' title='bbox 430 3139 463 3200; x_wconf 94' lang='lat' dir='ltr'><strong>in</strong></span> <span class='ocrx_word' id='word_1_207' title='bbox 479 3136 679 3203; x_wconf 69' lang='lat' dir='ltr'><strong>senectute:</strong></span> <span class='ocrx_word' id='word_1_208' title='bbox 704 3139 737 3202; x_wconf 92' lang='lat' dir='ltr'><strong>in</strong></span> <span class='ocrx_word' id='word_1_209' title='bbox 753 3139 897 3203; x_wconf 76' lang='lat' dir='ltr'><strong>infantia</strong></span> <span class='ocrx_word' id='word_1_210' title='bbox 913 3140 1039 3203; x_wconf 83' lang='lat' dir='ltr'><strong>adsunt</strong></span> <span class='ocrx_word' id='word_1_211' title='bbox 1055 3137 1193 3222; x_wconf 88' lang='lat' dir='ltr'><strong>spiritus</strong></span> <span class='ocrx_word' id='word_1_212' title='bbox 1207 3139 1263 3222; x_wconf 91' lang='lat' dir='ltr'><strong>qui</strong></span> <span class='ocrx_word' id='word_1_213' title='bbox 1283 3139 1317 3202; x_wconf 91' lang='lat' dir='ltr'><strong>in</strong></span> <span class='ocrx_word' id='word_1_214' title='bbox 1334 3139 1432 3203; x_wconf 92' lang='lat' dir='ltr'><strong>inno·</strong></span> 
     </span>
     <span class='ocr_line' id='line_1_27' title="bbox 304 3235 1430 3319; baseline 0.003 -22"><span class='ocrx_word' id='word_1_215' title='bbox 304 3236 418 3298; x_wconf 87' lang='lat' dir='ltr'><strong>centia</strong></span> <span class='ocrx_word' id='word_1_216' title='bbox 441 3245 533 3310; x_wconf 88' lang='lat' dir='ltr'><strong>sunt,</strong></span> <span class='ocrx_word' id='word_1_217' title='bbox 553 3235 603 3300; x_wconf 88' lang='lat' dir='ltr'><strong>ita</strong></span> <span class='ocrx_word' id='word_1_218' title='bbox 625 3237 682 3319; x_wconf 91' lang='lat' dir='ltr'><strong>qui</strong></span> <span class='ocrx_word' id='word_1_219' title='bbox 705 3239 962 3300; x_wconf 87' lang='lat' dir='ltr'><strong>communicant</strong></span> <span class='ocrx_word' id='word_1_220' title='bbox 985 3251 1062 3301; x_wconf 90' lang='lat' dir='ltr'><strong>cum</strong></span> <span class='ocrx_word' id='word_1_221' title='bbox 1081 3236 1180 3301; x_wconf 88' lang='lat' dir='ltr'><strong>caelo</strong></span> <span class='ocrx_word' id='word_1_222' title='bbox 1198 3237 1430 3308; x_wconf 86' lang='lat' dir='ltr'><strong>innocentiae,</strong></span> 
     </span>
     <span class='ocr_line' id='line_1_28' title="bbox 304 3333 1432 3417; baseline 0.003 -22"><span class='ocrx_word' id='word_1_223' title='bbox 304 3333 396 3415; x_wconf 87' lang='lat' dir='ltr'><strong>quod</strong></span> <span class='ocrx_word' id='word_1_224' title='bbox 414 3343 470 3397; x_wconf 90' lang='lat' dir='ltr'><strong>est</strong></span> <span class='ocrx_word' id='word_1_225' title='bbox 488 3333 620 3398; x_wconf 90' lang='lat' dir='ltr'><strong>caelum</strong></span> <span class='ocrx_word' id='word_1_226' title='bbox 640 3335 797 3398; x_wconf 89' lang='lat' dir='ltr'><strong>intimum</strong></span> <span class='ocrx_word' id='word_1_227' title='bbox 816 3355 876 3398; x_wconf 89' lang='lat' dir='ltr'><strong>seu</strong></span> <span class='ocrx_word' id='word_1_228' title='bbox 899 3335 1062 3412; x_wconf 86' lang='lat' dir='ltr'><strong>tertium;</strong></span> <span class='ocrx_word' id='word_1_229' title='bbox 1089 3335 1123 3399; x_wconf 89' lang='lat' dir='ltr'><strong>in</strong></span> <span class='ocrx_word' id='word_1_230' title='bbox 1142 3335 1287 3417; x_wconf 86' lang='lat' dir='ltr'><strong>pueritia</strong></span> <span class='ocrx_word' id='word_1_231' title='bbox 1305 3334 1432 3398; x_wconf 88' lang='lat' dir='ltr'><strong>adsunt</strong></span> 
     </span>
     <span class='ocr_line' id='line_1_29' title="bbox 304 3429 1432 3515; baseline 0.004 -23"><span class='ocrx_word' id='word_1_232' title='bbox 304 3431 441 3510; x_wconf 86' lang='lat' dir='ltr'><strong>spiritus</strong></span> <span class='ocrx_word' id='word_1_233' title='bbox 456 3433 513 3514; x_wconf 87' lang='lat' dir='ltr'><strong>qui</strong></span> <span class='ocrx_word' id='word_1_234' title='bbox 532 3433 566 3494; x_wconf 92' lang='lat' dir='ltr'><strong>in</strong></span> <span class='ocrx_word' id='word_1_235' title='bbox 581 3429 761 3496; x_wconf 74' lang='lat' dir='ltr'><strong>affedtione</strong></span> <span class='ocrx_word' id='word_1_236' title='bbox 778 3433 907 3496; x_wconf 86' lang='lat' dir='ltr'><strong>sciendi</strong></span> <span class='ocrx_word' id='word_1_237' title='bbox 923 3441 1015 3508; x_wconf 84' lang='lat' dir='ltr'><strong>sunt,</strong></span> <span class='ocrx_word' id='word_1_238' title='bbox 1031 3433 1082 3496; x_wconf 90' lang='lat' dir='ltr'><strong>ita</strong></span> <span class='ocrx_word' id='word_1_239' title='bbox 1100 3433 1156 3515; x_wconf 89' lang='lat' dir='ltr'><strong>qui</strong></span> <span class='ocrx_word' id='word_1_240' title='bbox 1175 3433 1432 3496; x_wconf 85' lang='lat' dir='ltr'><strong>communicant</strong></span> 
     </span>
     <span class='ocr_line' id='line_1_30' title="bbox 304 3528 1431 3612; baseline 0.002 -22"><span class='ocrx_word' id='word_1_241' title='bbox 304 3545 380 3591; x_wconf 91' lang='lat' dir='ltr'><strong>cum</strong></span> <span class='ocrx_word' id='word_1_242' title='bbox 401 3528 498 3592; x_wconf 90' lang='lat' dir='ltr'><strong>caelo</strong></span> <span class='ocrx_word' id='word_1_243' title='bbox 514 3528 637 3593; x_wconf 91' lang='lat' dir='ltr'><strong>ultimo</strong></span> <span class='ocrx_word' id='word_1_244' title='bbox 656 3549 716 3593; x_wconf 86' lang='lat' dir='ltr'><strong>seu</strong></span> <span class='ocrx_word' id='word_1_245' title='bbox 735 3530 865 3612; x_wconf 90' lang='lat' dir='ltr'><strong>primo;</strong></span> <span class='ocrx_word' id='word_1_246' title='bbox 888 3531 925 3593; x_wconf 87' lang='lat' dir='ltr'><strong>in</strong></span> <span class='ocrx_word' id='word_1_247' title='bbox 945 3529 1182 3594; x_wconf 86' lang='lat' dir='ltr'><strong>adolescentia</strong></span> <span class='ocrx_word' id='word_1_248' title='bbox 1199 3539 1235 3592; x_wconf 91' lang='lat' dir='ltr'><strong>et</strong></span> <span class='ocrx_word' id='word_1_249' title='bbox 1252 3528 1431 3610; x_wconf 80' lang='lat' dir='ltr'><strong>juventute</strong></span> 
     </span>
     <span class='ocr_line' id='line_1_31' title="bbox 304 3624 1432 3710; baseline 0.003 -23"><span class='ocrx_word' id='word_1_250' title='bbox 304 3626 429 3690; x_wconf 88' lang='lat' dir='ltr'><strong>adsunt</strong></span> <span class='ocrx_word' id='word_1_251' title='bbox 442 3627 498 3710; x_wconf 92' lang='lat' dir='ltr'><strong>qui</strong></span> <span class='ocrx_word' id='word_1_252' title='bbox 516 3627 550 3690; x_wconf 89' lang='lat' dir='ltr'><strong>in</strong></span> <span class='ocrx_word' id='word_1_253' title='bbox 567 3624 746 3692; x_wconf 69' lang='lat' dir='ltr'><strong>affectione</strong></span> <span class='ocrx_word' id='word_1_254' title='bbox 758 3629 829 3691; x_wconf 88' lang='lat' dir='ltr'><strong>veri</strong></span> <span class='ocrx_word' id='word_1_255' title='bbox 845 3637 882 3692; x_wconf 91' lang='lat' dir='ltr'><strong>et</strong></span> <span class='ocrx_word' id='word_1_256' title='bbox 900 3627 982 3692; x_wconf 92' lang='lat' dir='ltr'><strong>boni</strong></span> <span class='ocrx_word' id='word_1_257' title='bbox 997 3637 1088 3704; x_wconf 85' lang='lat' dir='ltr'><strong>sunt,</strong></span> <span class='ocrx_word' id='word_1_258' title='bbox 1107 3637 1143 3692; x_wconf 91' lang='lat' dir='ltr'><strong>et</strong></span> <span class='ocrx_word' id='word_1_259' title='bbox 1159 3627 1240 3690; x_wconf 89' lang='lat' dir='ltr'><strong>inde</strong></span> <span class='ocrx_word' id='word_1_260' title='bbox 1254 3627 1288 3690; x_wconf 89' lang='lat' dir='ltr'><strong>in</strong></span> <span class='ocrx_word' id='word_1_261' title='bbox 1304 3625 1432 3690; x_wconf 87' lang='lat' dir='ltr'><strong>inteili-</strong></span> 
     </span>
     <span class='ocr_line' id='line_1_32' title="bbox 304 3723 1431 3808; baseline 0.002 -22"><span class='ocrx_word' id='word_1_262' title='bbox 304 3725 433 3804; x_wconf 83' lang='lat' dir='ltr'><strong>gentia,</strong></span> <span class='ocrx_word' id='word_1_263' title='bbox 446 3725 497 3788; x_wconf 86' lang='lat' dir='ltr'><strong>ita</strong></span> <span class='ocrx_word' id='word_1_264' title='bbox 509 3726 565 3808; x_wconf 91' lang='lat' dir='ltr'><strong>qui</strong></span> <span class='ocrx_word' id='word_1_265' title='bbox 582 3725 839 3790; x_wconf 82' lang='lat' dir='ltr'><strong>communicant</strong></span> <span class='ocrx_word' id='word_1_266' title='bbox 852 3743 929 3790; x_wconf 91' lang='lat' dir='ltr'><strong>cum</strong></span> <span class='ocrx_word' id='word_1_267' title='bbox 945 3724 1044 3789; x_wconf 86' lang='lat' dir='ltr'><strong>caelo</strong></span> <span class='ocrx_word' id='word_1_268' title='bbox 1057 3725 1209 3790; x_wconf 90' lang='lat' dir='ltr'><strong>secundo</strong></span> <span class='ocrx_word' id='word_1_269' title='bbox 1224 3743 1284 3788; x_wconf 86' lang='lat' dir='ltr'><strong>seu</strong></span> <span class='ocrx_word' id='word_1_270' title='bbox 1296 3723 1410 3788; x_wconf 85' lang='lat' dir='ltr'><strong>medio</strong></span> <span class='ocrx_word' id='word_1_271' title='bbox 1423 3746 1431 3802; x_wconf 88' lang='lat'>;</span> 
     </span>
     <span class='ocr_line' id='line_1_33' title="bbox 304 3820 1431 3907; baseline 0.002 -23"><span class='ocrx_word' id='word_1_272' title='bbox 304 3821 337 3884; x_wconf 93' lang='lat' dir='ltr'><strong>in</strong></span> <span class='ocrx_word' id='word_1_273' title='bbox 358 3820 538 3886; x_wconf 78' lang='lat' dir='ltr'><strong>senedtute</strong></span> <span class='ocrx_word' id='word_1_274' title='bbox 557 3833 673 3888; x_wconf 90' lang='lat' dir='ltr'><strong>autem</strong></span> <span class='ocrx_word' id='word_1_275' title='bbox 693 3824 818 3888; x_wconf 89' lang='lat' dir='ltr'><strong>adsunt</strong></span> <span class='ocrx_word' id='word_1_276' title='bbox 838 3823 976 3906; x_wconf 84' lang='lat' dir='ltr'><strong>spiritus</strong></span> <span class='ocrx_word' id='word_1_277' title='bbox 994 3823 1051 3907; x_wconf 87' lang='lat' dir='ltr'><strong>qui</strong></span> <span class='ocrx_word' id='word_1_278' title='bbox 1073 3824 1107 3887; x_wconf 91' lang='lat' dir='ltr'><strong>in</strong></span> <span class='ocrx_word' id='word_1_279' title='bbox 1126 3823 1297 3906; x_wconf 89' lang='lat' dir='ltr'><strong>sapientia</strong></span> <span class='ocrx_word' id='word_1_280' title='bbox 1318 3831 1355 3886; x_wconf 90' lang='lat' dir='ltr'><strong>et</strong></span> <span class='ocrx_word' id='word_1_281' title='bbox 1378 3822 1431 3886; x_wconf 90' lang='lat' dir='ltr'><strong>in·</strong></span> 
     </span>
    </p>
   </div>
   <div class='ocr_carea' id='block_1_6' title="bbox 304 4103 1432 4674">
    <p class='ocr_par' dir='ltr' id='par_1_7' title="bbox 304 4103 1432 4390">
     <span class='ocr_line' id='line_1_34' title="bbox 358 4103 1432 4177; baseline 0.001 -18"><span class='ocrx_word' id='word_1_282' title='bbox 358 4103 449 4177; x_wconf 81' lang='lat' dir='ltr'><strong>Quod</strong></span> <span class='ocrx_word' id='word_1_283' title='bbox 464 4105 576 4176; x_wconf 87' lang='lat' dir='ltr'><strong>alioqui</strong></span> <span class='ocrx_word' id='word_1_284' title='bbox 590 4123 675 4160; x_wconf 92' lang='lat' dir='ltr'><strong>amor</strong></span> <span class='ocrx_word' id='word_1_285' title='bbox 686 4105 757 4161; x_wconf 92' lang='lat' dir='ltr'><strong>boni</strong></span> <span class='ocrx_word' id='word_1_286' title='bbox 777 4116 808 4161; x_wconf 90' lang='lat' dir='ltr'><strong>et</strong></span> <span class='ocrx_word' id='word_1_287' title='bbox 819 4106 882 4161; x_wconf 86' lang='lat' dir='ltr'><strong>veri</strong></span> <span class='ocrx_word' id='word_1_288' title='bbox 895 4121 956 4162; x_wconf 92' lang='lat' dir='ltr'><strong>non</strong></span> <span class='ocrx_word' id='word_1_289' title='bbox 971 4105 1139 4177; x_wconf 88' lang='lat' dir='ltr'><strong>implantari</strong></span> <span class='ocrx_word' id='word_1_290' title='bbox 1194 4105 1249 4161; x_wconf 86' lang='lat' dir='ltr'><strong>ssit</strong></span> <span class='ocrx_word' id='word_1_291' title='bbox 1262 4105 1386 4168; x_wconf 85' lang='lat' dir='ltr'><strong>homini,</strong></span> <span class='ocrx_word' id='word_1_292' title='bbox 1400 4114 1432 4160; x_wconf 88' lang='lat' dir='ltr'><strong>et</strong></span> 
     </span>
     <span class='ocr_line' id='line_1_35' title="bbox 304 4173 1430 4248; baseline 0 -18"><span class='ocrx_word' id='word_1_293' title='bbox 304 4177 490 4248; x_wconf 80' lang='lat' dir='ltr'><strong>appropriari</strong></span> <span class='ocrx_word' id='word_1_294' title='bbox 506 4187 687 4248; x_wconf 86' lang='lat' dir='ltr'><strong>apparenter</strong></span> <span class='ocrx_word' id='word_1_295' title='bbox 701 4175 779 4232; x_wconf 84' lang='lat' dir='ltr'><strong>sicut</strong></span> <span class='ocrx_word' id='word_1_296' title='bbox 794 4191 867 4232; x_wconf 85' lang='lat' dir='ltr'><strong>suus</strong></span> <span class='ocrx_word' id='word_1_297' title='bbox 884 4179 925 4246; x_wconf 89' lang='lat' dir='ltr'><strong>(n.</strong></span> <span class='ocrx_word' id='word_1_298' title='bbox 942 4175 1020 4244; x_wconf 79' lang='lat'><em>2877.</em></span> <span class='ocrx_word' id='word_1_299' title='bbox 1037 4177 1115 4246; x_wconf 81' lang='lat'><strong>2879.</strong></span> <span class='ocrx_word' id='word_1_300' title='bbox 1132 4191 1148 4230; x_wconf 78' lang='lat' dir='ltr'><strong>a</strong></span> <span class='ocrx_word' id='word_1_301' title='bbox 1168 4175 1210 4239; x_wconf 98' lang='grc'><strong>80,</strong></span> <span class='ocrx_word' id='word_1_302' title='bbox 1227 4175 1330 4247; x_wconf 55' lang='grc'><strong>28889</strong></span> <span class='ocrx_word' id='word_1_303' title='bbox 1340 4173 1430 4246; x_wconf 66' lang='grc'><strong>38831,</strong></span> 
     </span>
     <span class='ocr_line' id='line_1_36' title="bbox 305 4243 1430 4390; baseline -0.001 -19"><span class='ocrx_word' id='word_1_304' title='bbox 305 4243 397 4314; x_wconf 45' lang='grc'>8700)·</span> <span class='ocrx_word' id='word_1_305' title='bbox 408 4317 448 4372; x_wconf 89' lang='lat' dir='ltr'><strong>od</strong></span> <span class='ocrx_word' id='word_1_306' title='bbox 460 4317 535 4372; x_wconf 88' lang='lat' dir='ltr'><strong>nihii</strong></span> <span class='ocrx_word' id='word_1_307' title='bbox 545 4317 748 4390; x_wconf 83' lang='lat' dir='ltr'><strong>conjungatur</strong></span> <span class='ocrx_word' id='word_1_308' title='bbox 757 4317 872 4373; x_wconf 89' lang='lat' dir='ltr'><strong>homini</strong></span> <span class='ocrx_word' id='word_1_309' title='bbox 882 4318 965 4389; x_wconf 86' lang='lat' dir='ltr'><strong>quod</strong></span> <span class='ocrx_word' id='word_1_310' title='bbox 979 4316 1013 4372; x_wconf 86' lang='lat' dir='ltr'><strong>fn</strong></span> <span class='ocrx_word' id='word_1_311' title='bbox 1025 4333 1063 4374; x_wconf 84' lang='lat' dir='ltr'><strong>ex</strong></span> <span class='ocrx_word' id='word_1_312' title='bbox 1075 4315 1181 4374; x_wconf 78' lang='lat' dir='ltr'><strong>coat&#39;to</strong></span> <span class='ocrx_word' id='word_1_313' title='bbox 1193 4319 1233 4388; x_wconf 89' lang='lat' dir='ltr'><strong>(n.</strong></span> <span class='ocrx_word' id='word_1_314' title='bbox 1248 4316 1325 4387; x_wconf 82' lang='lat'>2875.</span> <span class='ocrx_word' id='word_1_315' title='bbox 1339 4315 1430 4385; x_wconf 83' lang='lat'><strong>8700).</strong></span> 
     </span>
    </p>

    <p class='ocr_par' dir='ltr' id='par_1_8' title="bbox 305 4387 1431 4674">
     <span class='ocr_line' id='line_1_37' title="bbox 382 4387 1431 4460; baseline -0.001 -18"><span class='ocrx_word' id='word_1_316' title='bbox 382 4388 390 4442; x_wconf 96' lang='lat' dir='ltr'><strong>i</strong></span> <span class='ocrx_word' id='word_1_317' title='bbox 406 4389 499 4445; x_wconf 90' lang='lat' dir='ltr'><strong>homo</strong></span> <span class='ocrx_word' id='word_1_318' title='bbox 512 4405 549 4446; x_wconf 88' lang='lat' dir='ltr'><strong>ex</strong></span> <span class='ocrx_word' id='word_1_319' title='bbox 564 4387 671 4444; x_wconf 68' lang='lat' dir='ltr'><strong>condio</strong></span> <span class='ocrx_word' id='word_1_320' title='bbox 684 4388 839 4444; x_wconf 78' lang='lat' dir='ltr'><strong>reformari</strong></span> <span class='ocrx_word' id='word_1_321' title='bbox 854 4398 964 4460; x_wconf 86' lang='lat' dir='ltr'><strong>posset.</strong></span> <span class='ocrx_word' id='word_1_322' title='bbox 977 4389 1061 4460; x_wconf 91' lang='lat' dir='ltr'><strong>quod</strong></span> <span class='ocrx_word' id='word_1_323' title='bbox 1076 4403 1183 4446; x_wconf 86' lang='lat' dir='ltr'><strong>omnes</strong></span> <span class='ocrx_word' id='word_1_324' title='bbox 1196 4387 1431 4445; x_wconf 80' lang='lat' dir='ltr'><strong>reiormarentur</strong></span> 
     </span>
     <span class='ocr_line' id='line_1_38' title="bbox 305 4457 1277 4656; baseline 0.003 -73"><span class='ocrx_word' id='word_1_325' title='bbox 305 4459 347 4528; x_wconf 60' lang='grc' dir='ltr'><strong>(η’</strong></span> <span class='ocrx_word' id='word_1_326' title='bbox 358 4457 453 4656; x_wconf 53' lang='lat'><strong>§331</strong></span> <span class='ocrx_word' id='word_1_327' title='bbox 462 4527 599 4616; x_wconf 74' lang='lat' dir='ltr'><strong>coactum</strong></span> <span class='ocrx_word' id='word_1_328' title='bbox 614 4529 644 4616; x_wconf 82' lang='lat' dir='ltr'><strong>in</strong></span> <span class='ocrx_word' id='word_1_329' title='bbox 658 4528 872 4586; x_wconf 80' lang='lat' dir='ltr'><strong>reformatione</strong></span> <span class='ocrx_word' id='word_1_330' title='bbox 885 4530 924 4587; x_wconf 84' lang='lat' dir='ltr'><strong>sit</strong></span> <span class='ocrx_word' id='word_1_331' title='bbox 937 4529 1115 4586; x_wconf 82' lang='lat' dir='ltr'><strong>damnosum</strong></span> <span class='ocrx_word' id='word_1_332' title='bbox 1131 4531 1171 4601; x_wconf 89' lang='lat' dir='ltr'><strong>(n.</strong></span> <span class='ocrx_word' id='word_1_333' title='bbox 1184 4529 1277 4600; x_wconf 75' lang='lat'>4031).</span> 
     </span>
     <span class='ocr_line' id='line_1_39' title="bbox 380 4597 868 4674; baseline 0 -18"><span class='ocrx_word' id='word_1_334' title='bbox 380 4609 463 4656; x_wconf 82' lang='lat' dir='ltr'><strong>tatus</strong></span> <span class='ocrx_word' id='word_1_335' title='bbox 475 4597 571 4656; x_wconf 77' lang='lat' dir='ltr'><strong>eoattr</strong></span> <span class='ocrx_word' id='word_1_336' title='bbox 584 4615 707 4674; x_wconf 76' lang='lat' dir='ltr'><strong>quinam</strong></span> <span class='ocrx_word' id='word_1_337' title='bbox 721 4603 762 4672; x_wconf 90' lang='lat' dir='ltr'><strong>(n.</strong></span> <span class='ocrx_word' id='word_1_338' title='bbox 776 4599 868 4671; x_wconf 80' lang='lat'>8392).</span> 
     </span>
    </p>
   </div>
   <div class='ocr_carea' id='block_1_7' title="bbox 0 0 1696 5358">
    <p class='ocr_par' dir='ltr' id='par_1_9' title="bbox 0 0 1696 5358">
     <span class='ocr_line' id='line_1_40' title="bbox 0 0 1696 5358; baseline 0 1"><span class='ocrx_word' id='word_1_339' title='bbox 0 0 1696 5358; x_wconf 95' lang='lat' dir='ltr'><strong> </strong></span> 
     </span>
    </p>
   </div>
  </div>
 </body>
</html>
