3350 5366
292 629 351 696 332
613 628 664 678 pa
683 625 814 700 pcneuo
836 629 885 680 ur
908 630 1090 685 mesano.

287 796 494 864 structiones
507 800 700 883 praeparati
713 809 794 866 sunt
812 801 857 866 ad
875 801 1020 878 caelum,
1033 803 1126 886 quod
1142 800 1180 866 fit
1199 802 1289 872 iutra
1304 804 1408 872 breve

286 905 434 976 tempus,
457 915 503 958 ex
535 916 640 960 causa
661 897 741 980 quia
773 897 807 960 in
836 897 1069 980 spiritualibus
1097 898 1183 962 ideis
1208 908 1300 973 sunt,
1319 919 1406 981 quae

285 991 382 1072 plura
397 990 497 1054 simul
513 992 822 1073 comprehendunt,
836 1003 917 1056 tunc
934 993 1121 1058 induuntur
1131 993 1285 1060 vestibus
1297 1011 1405 1076 ange·

285 1085 370 1161 licis,
389 1107 476 1168 quae
496 1087 695 1171 plerumque
711 1087 880 1152 candidae
896 1097 977 1152 sunt
995 1089 1085 1158 sicut
1104 1109 1149 1152 ex
1169 1088 1285 1169 bysso,
1300 1099 1338 1154 et
1357 1089 1407 1153 sie

169 1241 171 1246 ,
285 1179 437 1244 feruntur
458 1181 503 1244 ad
526 1183 616 1246 viam
639 1203 727 1265 quae
749 1201 883 1246 sursum
906 1182 1021 1246 tendit
1043 1181 1088 1246 ad
1110 1182 1253 1258 caelum,
1273 1203 1315 1248 ae
1334 1193 1404 1248 tra·

284 1276 411 1340 duntur
427 1276 563 1358 angelis
581 1278 783 1342 custodibus
805 1277 862 1352 ibi,
882 1287 919 1342 et
941 1277 1021 1342 dein
1039 1279 1247 1360 recipiuntur
1265 1279 1310 1344 ab
1331 1279 1406 1342 aliis

284 1369 428 1451 angelis,
453 1391 494 1434 ac
522 1372 556 1435 in
579 1373 768 1438 societates
789 1373 1065 1447 introducuntur,
1085 1382 1122 1436 et
1152 1373 1186 1436 in
1216 1372 1329 1456 plures
1358 1373 1404 1436 ibi

283 1462 492 1528 faustitates.
537 1464 688 1550 Quisque
707 1468 786 1532 dein
809 1468 843 1530 in
867 1487 963 1532 suam
982 1469 1186 1534 societatem
1211 1490 1232 1532 a
1254 1469 1404 1534 Domino

284 1556 409 1638 fertur3
434 1562 525 1642 quod
542 1563 648 1625 etiam
666 1561 704 1625 fit
724 1582 785 1644 per
802 1563 913 1626 varias
929 1564 1014 1636 vias,
1031 1563 1235 1647 quandoque
1252 1583 1311 1645 per
1330 1582 1402 1629 am·

283 1651 400 1734 bages.
445 1653 542 1730 Vias,
562 1675 623 1737 per
644 1676 729 1738 quas
748 1657 929 1732 ducuntur,
947 1657 1060 1720 nullus
1079 1657 1224 1738 angelus
1242 1659 1319 1732 scit,
1341 1657 1400 1722 sed
1424 1717 1427 1724 .

283 1746 376 1810 solus
400 1748 578 1814 Dominus.
624 1749 710 1814 Cum
734 1750 779 1814 ad
801 1769 899 1814 suam
922 1752 1125 1816 societatem
1145 1753 1298 1825 veniunt,
1319 1763 1401 1818 tunc

282 1843 479 1922 aperiuntur
497 1844 661 1908 interiora
679 1863 809 1920 eorum,
829 1863 917 1926 quac
940 1847 1019 1926 quia
1038 1845 1226 1911 conformia
1244 1856 1324 1910 sunt
1347 1847 1400 1910 in·

282 1939 462 2002 terioribus
474 1939 688 2020 angelorum,
701 1940 758 2021 qui
773 1939 807 2002 in
822 1939 882 2004 illa
894 1941 1064 2004 societate
1076 1950 1168 2017 sunt,
1181 1939 1260 2006 ideo
1271 1961 1401 2023 agnos·

281 2043 406 2096 cuntur
424 2034 527 2107 illico,
548 2044 583 2098 et
604 2053 680 2098 cum
699 2035 829 2115 gaudio
846 2035 1065 2116 recipiuntur.

343 2141 443 2210 ³²⁰·
474 2128 539 2192 His
561 2129 663 2193 velim
686 2129 834 2209 adjicere
857 2129 982 2211 aliquid
1007 2129 1232 2196 memorabile
1255 2131 1298 2196 de
1324 2131 1401 2208 viis,

281 2239 366 2302 quae
386 2243 430 2286 ex
450 2223 517 2286 illis
533 2223 619 2287 locis
635 2223 765 2288 ducunt
782 2224 826 2288 ad
845 2223 990 2298 caelum,
1014 2233 1050 2288 et
1069 2243 1129 2306 per
1144 2243 1228 2306 quas
1244 2225 1399 2292 introdu-

280 2325 400 2380 cuntur
417 2319 539 2381 novitii
557 2318 682 2399 angeli.
728 2316 815 2382 Sunt
831 2315 913 2382 otto
928 2319 1014 2393 viae,
1032 2319 1133 2384 binae
1149 2319 1194 2382 ab
1210 2321 1399 2402 unoquovis

280 2410 358 2474 loco
374 2411 628 2490 instrudtionis3
652 2433 719 2476 uua
734 2413 892 2478 ascendit
907 2433 1024 2478 versus
1037 2414 1215 2489 orientem,
1229 2414 1340 2480 altera
1354 2416 1398 2480 ad

279 2507 506 2570 occidentem.
552 2505 618 2588 Qui
651 2508 686 2570 in
719 2525 862 2588 regnum
893 2507 1046 2572 caeleste
1076 2507 1216 2572 Domini
1244 2509 1397 2584 veniunt,

279 2599 542 2666 introducuntur
558 2602 723 2682 perviam
739 2601 943 2668 orientalem
956 2622 964 2680 ;
986 2602 1044 2683 qui
1058 2611 1175 2666 autem
1190 2603 1235 2666 ad
1254 2623 1397 2685 regnum

278 2694 463 2775 spirituale,
476 2695 740 2760 introducuntur
756 2715 816 2776 per
828 2697 919 2760 viam
932 2695 1194 2762 occidentalem.
1240 2695 1397 2778 Quatuor

278 2791 363 2864 viae,
387 2811 474 2873 quae
496 2792 626 2854 ducunt
649 2789 693 2854 ad
716 2809 861 2870 regnum
884 2790 1036 2856 caeleste
1058 2789 1208 2865 Domini,
1229 2801 1397 2874 apparent

278 2893 422 2948 ornatae
444 2885 530 2948 oleis
552 2893 588 2948 et
618 2884 795 2948 arboribus
816 2881 994 2948 fruitiieris
1017 2885 1099 2949 varii
1122 2885 1281 2966 generis;
1308 2907 1395 2968 quae

278 2987 392 3042 autem
404 2979 533 3044 ducunt
546 2979 589 3042 ad
606 2997 749 3060 regnum
762 2978 937 3060 spirituale
950 2977 1099 3054 Domini,
1113 2989 1282 3061 apparent
1293 3000 1395 3044 orna-

278 3081 334 3136 tae
346 3074 453 3136 vineis
470 3083 506 3138 et
526 3072 659 3136 laureis.
701 3071 778 3134 Hoc
795 3093 841 3135 ex
854 3073 1173 3155 correspondentia,
1186 3075 1263 3156 quia
1276 3075 1394 3140 vineae

278 3177 311 3231 et
335 3167 449 3233 laurus
471 3167 744 3250 correspondent
765 3165 938 3232 afletiioni
961 3169 1031 3230 veri
1055 3177 1092 3232 et
1115 3167 1186 3250 ejus
1209 3169 1334 3244 usibus,
1352 3187 1394 3232 ac

277 3261 373 3326 oleae
391 3271 428 3327 et
446 3258 572 3326 fructus
589 3261 864 3344 correspondent
883 3259 1054 3329 siledlioui
1073 3263 1155 3328 boui
1177 3272 1214 3330 et
1237 3261 1307 3346 ejus
1325 3262 1393 3328 usi·

277 3357 348 3421 bus.

645 3615 1021 3632 ...oanan—nb-

769 3843 894 3928 [uu]

273 4027 386 4112 Quon
405 4041 515 4094 usuo
533 4041 584 4093 su
607 4041 831 4093 run-surum
850 4029 1138 4094 Mrssnrconmn
1165 4043 1207 4096 uu
1226 4028 1387 4097 Cusuuu

756 4137 912 4188 usurus.

333 4323 427 4392 521.
458 4309 526 4393 Qui
549 4329 618 4373 non
646 4307 804 4374 instrutti
826 4319 907 4374 sunt
935 4309 977 4374 de
1003 4310 1112 4386 caelo,
1133 4319 1169 4374 et
1195 4311 1237 4374 de
1262 4311 1316 4374 via
1343 4311 1386 4374 ad

270 4405 414 4478 caelum,
432 4415 505 4468 tum
525 4405 569 4470 de
587 4407 660 4468 vita
678 4405 765 4470 caeli
782 4405 874 4487 apud
892 4405 1078 4480 hominem,
1097 4406 1282 4488 opinantur
1297 4405 1386 4490 quod

270 4500 374 4581 recipi
396 4499 431 4564 in
450 4500 583 4564 caelum
602 4501 649 4563 sit
667 4500 779 4562 solum
800 4520 847 4562 ex
871 4501 1115 4574 misericordia,
1135 4499 1309 4582 quasillis
1332 4500 1386 4582 qui

270 4595 301 4656 in
325 4593 392 4658 tide
411 4605 503 4670 sunt,
524 4603 559 4657 et
580 4615 643 4677 pro
666 4594 786 4676 quibus
806 4591 975 4658 Dominus
992 4595 1201 4673 intercedit;
1229 4595 1277 4660 ita
1295 4594 1387 4677 quod
