3382 5358
334 615 384 668 DE
403 616 526 669 srnw
545 615 813 669 tnnocnnmu
832 613 1073 668 Ancatoltun
1093 614 1135 666 IN
1154 612 1291 666 CAELO.
1333 599 1387 664 161

268 787 402 864 intimo,
422 789 478 853 ubi
500 797 613 852 status
631 788 849 853 innocentiae
868 795 945 865 est,
972 795 1010 852 et
1034 786 1126 870 quod
1144 785 1297 850 influxus
1315 805 1389 868 per·

268 895 424 950 transeat
447 887 610 948 interiore
633 903 762 958 eorum,
786 890 823 948 et
845 883 938 967 quod
969 885 1003 947 in
1027 883 1300 966 pertranseundo
1323 897 1390 946 non

267 979 396 1044 afficiat
419 980 479 1044 illa
501 979 565 1043 nisi
583 999 684 1062 quam
704 997 764 1062 per
782 979 1040 1057 innocentiam
1067 987 1103 1043 et
1126 977 1217 1060 quod
1237 978 1316 1041 inde
1339 977 1390 1040 in-

268 1075 428 1140 nocentia
445 1077 586 1140 sistatur
604 1075 638 1138 in
654 1075 740 1138 facie
759 1085 794 1139 et
811 1076 848 1138 in
867 1074 1035 1158 aliquibus
1051 1073 1216 1156 gestibus,
1231 1082 1267 1136 et
1285 1089 1391 1155 appa·

267 1181 364 1248 τεοῖς
392 1180 428 1234 et
451 1171 543 1254 quod
561 1169 621 1234 illa
643 1170 699 1246 sit,
718 1189 786 1253 quc
808 1169 929 1233 intime
952 1167 1146 1233 afficiuntur
1164 1176 1339 1250 parentes,
1358 1177 1393 1230 et

267 1265 349 1329 iecit
368 1281 520 1328 amorem
539 1265 596 1347 qul
614 1273 759 1328 vocatur
777 1272 908 1346 storge.

330 1359 425 1442 278.
455 1359 659 1423 Innocentis
687 1359 878 1442 sapientiae
911 1367 966 1423 est
999 1359 1147 1441 genuina
1179 1359 1390 1432 innocentie,

267 1457 346 1539 quia
360 1465 414 1520 est
430 1454 565 1519 interna
579 1477 587 1534 ;
611 1473 690 1518 nam
703 1464 756 1518 est
773 1457 878 1536 ipsius
893 1457 1031 1529 mentis,
1048 1455 1095 1517 ita
1111 1455 1216 1536 ipsius
1231 1453 1390 1518 volunta·

267 1553 312 1615 tis
331 1560 366 1616 et
386 1551 467 1614 inde
486 1549 705 1628 intellectum
729 1559 861 1614 etcum
885 1551 919 1614 in
941 1551 1009 1614 illis
1032 1559 1084 1614 cst
1108 1549 1317 1624 innocentia,
1337 1559 1391 1614 est

267 1665 402 1730 quoque
421 1647 600 1728 sapientia,
619 1663 697 1708 nam
714 1647 885 1728 sapientia
900 1656 955 1710 est
974 1646 1120 1710 illorum.
1167 1645 1250 1708 inde
1268 1646 1393 1708 dicitur

267 1742 301 1804 in
333 1741 442 1832 caelo,
463 1741 554 1824 quod
584 1742 783 1804 innocentia
806 1741 942 1806 habitet
970 1741 1003 1804 in
1033 1739 1213 1823 sapientis,
1237 1750 1273 1804 et
1300 1739 1391 1822 quod

268 1846 404 1900 tantum
417 1837 608 1917 sapientiae
624 1837 668 1900 sit
682 1835 819 1918 angelo,
833 1845 998 1920 quantum
1012 1838 1042 1900 ei
1059 1837 1275 1900 innocentia:
1299 1835 1390 1918 quod

267 1933 316 1996 ita
337 1933 393 2008 sit,
414 1931 619 1996 confirmant
643 1931 770 2012 perid,
794 1931 885 2014 quod
909 1932 965 2014 qui
994 1932 1029 1995 ln
1056 1931 1275 1996 innocentiae
1298 1941 1391 1994 statu

266 2035 357 2103 sunt,
376 2025 440 2090 sibi
458 2026 542 2108 nihil
561 2026 642 2090 boni
661 2025 826 2101 tribuant,
843 2027 904 2089 sed
922 2035 1068 2108 accepta
1085 2026 1196 2089 ierant
1225 2033 1261 2087 et
1293 2025 1390 2088 addi·

266 2128 349 2184 cent
367 2121 482 2184 omnia
502 2121 671 2198 Domin03
698 2121 789 2204 quod
812 2120 920 2186 velint
944 2122 1020 2184 duci
1043 2121 1088 2184 ab
1111 2121 1202 2202 Ipso,
1218 2131 1255 2184 et
1279 2140 1347 2184 non
1370 2141 1391 2184 a

267 2225 377 2280 semet
391 2237 400 2296 ;
423 2217 516 2300 quod
532 2225 651 2280 ament
667 2235 769 2280 omne
785 2217 877 2298 quod
896 2217 1022 2280 bonum
1039 2227 1104 2290 est,
1122 2226 1158 2279 et
1174 2213 1392 2278 deledientur

266 2313 359 2375 omni
371 2311 463 2394 quod
477 2331 593 2376 verum
607 2321 672 2386 est,
686 2312 765 2394 quia
780 2313 893 2376 sciunt
908 2321 944 2375 et
960 2313 1150 2394 percipiunt
1167 2311 1259 2394 quod
1276 2329 1390 2375 amare

267 2407 406 2482 bonum,
420 2407 470 2470 ita
485 2407 575 2470 velle
592 2416 628 2470 et
644 2407 755 2470 secere
771 2407 816 2482 id,
829 2407 875 2471 sit
887 2425 1002 2470 amare
1015 2407 1212 2482 Dominum,
1223 2416 1259 2470 et
1275 2425 1390 2470 amare

266 2521 383 2566 verum
396 2503 440 2566 sit
451 2521 568 2566 amare
579 2503 774 2584 proximum
789 2522 798 2578 ;
821 2503 912 2584 quod
925 2502 1043 2565 vivant
1056 2503 1212 2565 contenti
1225 2503 1304 2576 suis,
1318 2501 1390 2564 sive

267 2615 376 2680 pauca
398 2597 467 2661 sint
490 2599 561 2660 sive
585 2595 704 2672 multa,
724 2597 803 2679 quia
825 2598 937 2661 sciunt
956 2599 1048 2680 quod
1067 2607 1203 2662 tantum
1222 2597 1389 2678 recipiant

267 2701 432 2774 quantum
465 2693 640 2768 conducit,
675 2711 783 2774 pauca
815 2691 934 2774 quibus
968 2692 1131 2756 conducit
1164 2709 1319 2774 paucum,
1353 2702 1389 2756 et

267 2787 377 2850 multa
404 2787 527 2870 quibus
550 2788 712 2851 conducit
737 2785 893 2861 multum,
918 2796 953 2850 et
978 2787 1070 2870 quod
1099 2785 1147 2850 illi
1179 2805 1248 2849 non
1277 2787 1388 2850 sciant

267 2883 347 2966 quid
370 2883 533 2947 conducit
556 2881 635 2958 illis,
655 2882 715 2946 sed
739 2882 850 2946 solum
870 2883 1048 2958 Dominus,
1068 2883 1120 2946 cui
1143 2891 1287 2946 aeterna
1308 2893 1389 2947 sunt

266 2978 381 3042 omnia
399 2997 487 3060 quae
506 2978 687 3060 providet:
718 2977 797 3041 inde
825 2997 889 3042 nec
911 2986 992 3042 sunt
1015 2977 1155 3041 solliciti
1179 2979 1222 3040 de
1245 2977 1388 3052 futuris:
1414 3037 1415 3042 ,

266 3073 532 3137 sollicitudinem
551 3073 595 3136 de
613 3072 732 3136 futuris
748 3082 876 3136 vocant
893 3091 1008 3136 curam
1028 3073 1269 3155 procrastino,
1287 3091 1387 3155 quam

266 3168 384 3232 dicunt
408 3187 484 3232 esse
513 3167 669 3232 dolorem
700 3168 746 3230 ob
773 3163 939 3249 jafiuram
966 3177 1025 3231 aut
1055 3187 1125 3232 non
1153 3168 1387 3250 receptionem

267 3261 386 3327 talium
407 3283 494 3346 quae
517 3281 586 3326 non
610 3263 804 3326 necessaria
821 3271 901 3326 sunt
923 3263 967 3326 ad
991 3283 1070 3324 usus
1089 3263 1200 3326 vitae:
1232 3281 1308 3326 cum
1332 3283 1387 3327 so-

266 3357 326 3420 ciis
349 3373 524 3440 nunquam
543 3367 653 3439 agunt
676 3372 721 3420 ex
745 3355 812 3420 fine
835 3357 926 3434 mali,
947 3357 1008 3421 sed
1031 3377 1077 3420 ex
1107 3357 1210 3432 bono,
1229 3353 1323 3436 justo
1353 3369 1388 3422 et

266 3451 422 3530 sincero;
454 3471 557 3534 agere
581 3473 625 3515 ex
649 3451 716 3516 fine
739 3451 821 3516 mali
840 3461 967 3516 vocant
989 3461 1114 3526 astum,
1134 3469 1235 3534 quem
1254 3451 1388 3534 fugiunt

265 3547 354 3610 sicut
369 3565 540 3610 venenum
556 3547 736 3628 serpentis,
754 3549 914 3629 quoniam
930 3557 984 3610 est
1000 3567 1137 3630 prorsus
1153 3557 1274 3610 contra
1288 3549 1386 3611 inno-

265 3643 427 3706 centiam.
473 3639 563 3723 Quis
586 3641 670 3706 nihil
698 3641 775 3722 plus
800 3652 919 3706 amant
942 3661 1044 3724 quarn
1068 3642 1146 3706 duci
1175 3661 1195 3706 a
1225 3641 1385 3716 Domino,

265 3747 301 3800 et
321 3737 399 3820 quie
419 3736 488 3819 Ipsi
507 3747 653 3819 accepta
670 3735 782 3800 serunt
802 3737 927 3812 omnia,
946 3737 1026 3800 ideo
1044 3737 1168 3801 remoti
1187 3747 1303 3800 sunta
1324 3757 1387 3802 suo

266 3833 412 3913 proprio,
436 3842 473 3895 et
502 3843 668 3915 quantum
687 3833 809 3895 remoti
838 3852 858 3896 a
884 3853 945 3896 suo
974 3833 1113 3914 proprio
1134 3841 1225 3908 sunt,
1250 3841 1385 3896 tantum

265 3927 374 3992 influit
391 3927 558 3992 Dominus
573 3949 582 4008 3
600 3929 680 3992 inde
699 3937 764 4002 est,
778 3928 869 4010 quod
885 3947 971 4010 quae
984 3927 1126 3991 audiunt
1142 3927 1186 3992 ab
1206 3927 1297 4009 IpsO,
1315 3927 1386 3990 sive

264 4023 309 4086 sit
328 4024 442 4088 medio
464 4023 593 4098 Verbo,
614 4024 685 4086 sive
705 4023 817 4088 media
836 4023 1103 4106 praedicatione,
1124 4041 1192 4085 non
1211 4031 1383 4104 reponant

265 4117 299 4182 in
316 4118 489 4194 memoria,
503 4119 565 4182 sed
578 4119 696 4182 statim
710 4117 885 4194 obediant,
898 4117 964 4182 hoc
981 4126 1046 4192 est,
1059 4117 1168 4180 velint
1185 4126 1221 4182 et
1237 4117 1385 4196 iaciant3

265 4213 426 4278 voluntas
448 4223 502 4278 est
525 4213 599 4296 ipsa
617 4213 753 4278 illorum
772 4214 945 4278 memoria.
991 4211 1045 4276 llli
1064 4211 1284 4294 utplurimum
1303 4213 1384 4277 sim·
1463 4249 1469 4257 ·

264 4308 371 4390 plices
388 4309 422 4372 in
438 4319 586 4373 externa
600 4307 708 4372 forma
723 4316 902 4391 apparent,
919 4307 980 4372 sed
996 4309 1169 4390 sapientes
1184 4316 1221 4371 et
1237 4307 1384 4389 pruden-

265 4413 319 4470 tes
331 4405 365 4468 in
377 4404 512 4470 interna
522 4412 623 4483 sunt;
646 4402 695 4468 illi
708 4413 787 4468 sunt
800 4403 856 4486 qui
868 4399 1108 4484 intelliguntur
1119 4421 1140 4465 a
1151 4399 1312 4478 Domino,

314 4535 329 4564 ⁸·
337 4535 591 4667 Estotepopudemer
602 4537 672 4588 elcut
683 4544 832 4601 supentes,
841 4541 869 4587 et
880 4533 1017 4600 simplices
1028 4534 1097 4586 alem
1105 4533 1384 4598 columnse”(Martn

396 4617 421 4654 a
