3350 5366
267 741 274 756 ·
312 662 370 740 318
527 684 531 696 ·
630 667 683 722 ¹uu
704 664 903 722 cernuae
926 661 1108 718 maurane.

310 843 369 906 sed
389 837 550 904 inledtum
570 839 673 914 malo,
691 847 865 920 utcunque
884 837 918 899 in
937 845 1086 898 externa
1104 831 1212 896 forma
1230 829 1321 912 apud
1340 829 1430 904 illos,

310 938 365 1020 qui
384 957 453 1000 non
471 937 583 999 sciunt
604 935 779 1010 interiora,
800 939 945 1014 apparet
965 939 1002 994 ut
1021 929 1159 993 bonum.
1205 927 1322 990 Aliter
1341 927 1430 1008 apud

299 1031 387 1096 .illos
410 1031 467 1114 qui
490 1031 525 1092 in
544 1030 637 1092 bono
656 1038 757 1092 sunt:
789 1027 880 1111 apud
902 1025 967 1090 hos
990 1044 1058 1088 non
1079 1024 1234 1087 inversus
1256 1030 1311 1086 est
1335 1023 1430 1098 ordo,

309 1126 370 1191 sed
393 1126 521 1190 bonum
544 1144 590 1187 ex
613 1124 776 1188 interiore
793 1122 1008 1204 cogitatione
1027 1119 1135 1183 influit
1158 1120 1192 1182 in
1212 1118 1431 1194 exteriorem,

308 1230 344 1286 et
374 1221 423 1284 sic
452 1220 486 1283 in
516 1218 749 1302 loquelam'et
768 1213 945 1281 inactus.
983 1214 1058 1278 *Hic
1081 1215 1167 1278 ordo
1190 1223 1244 1277 est
1273 1214 1307 1277 in
1330 1233 1431 1296 quern

308 1315 413 1379 homo
429 1323 565 1378 creatus
581 1323 658 1378 est:
683 1314 730 1376 sic
748 1313 839 1377 enim
855 1311 1018 1374 interiora
1034 1327 1151 1373 eorum
1172 1311 1204 1372 in
1224 1309 1322 1374 caelo
1339 1317 1431 1385 sunt,

308 1412 411 1493 inque
426 1409 505 1473 luce
524 1408 590 1488 ibi;
614 1418 649 1472 et
668 1409 748 1492 quia
766 1407 827 1471 lux
843 1406 930 1471 caeli
949 1417 1003 1470 est
1023 1405 1185 1468 Divinum
1202 1403 1333 1468 Verum
1350 1425 1430 1488 pro-

308 1507 437 1570 cedens
470 1525 491 1569 a
523 1504 685 1580 Domino,
720 1503 863 1586 proinde
896 1511 950 1566 est
985 1502 1153 1566 Dominus
1186 1503 1219 1565 in
1251 1501 1348 1565 caelo
1383 1501 1431 1584 (n.

312 1599 483 1682 126-140),
500 1599 579 1664 ideo
598 1599 648 1662 illi
666 1600 838 1662 ducuntur
856 1619 876 1661 a
895 1598 1056 1661 Domino.
1102 1596 1199 1660 Haec
1223 1593 1316 1661 dicta
1338 1607 1429 1674 sunt,

309 1705 346 1760 ut
363 1697 491 1760 sciatur
506 1695 596 1780 quod
612 1695 718 1758 cuivis
734 1693 864 1758 homini
880 1693 925 1756 sit
941 1693 1110 1776 cogitatio
1126 1693 1267 1756 interior
1282 1701 1319 1757 et
1336 1693 1431 1774 cogi·

308 1791 399 1853 tatio
413 1792 576 1864 exterior,
593 1799 631 1854 et
649 1791 740 1872 quod
760 1789 839 1853 illae
858 1789 949 1852 inter
967 1809 1004 1852 se
1020 1785 1204 1852 distinctae
1220 1789 1300 1852 sint.
1345 1787 1431 1852 Cum

309 1886 434 1948 dicitur
452 1886 631 1966 cogitatio,
650 1885 859 1967 intelligitur
877 1885 983 1948 etiam
1002 1884 1175 1960 voluntas,
1197 1903 1275 1946 nam
1296 1885 1430 1965 cogita·

308 1983 359 2044 tio
382 1991 436 2046 est
460 2001 505 2044 ex
529 1981 721 2055 voluntate,
746 1999 849 2043 nemo
872 1981 963 2043 enim
982 1987 1102 2062 potest
1126 1981 1282 2061 cogitare
1301 1980 1431 2062 absque

308 2076 498 2140 voluntate.
545 2073 602 2138 Ex
618 2075 672 2138 his
689 2084 796 2157 patet,
814 2075 894 2158 quid
911 2083 1022 2139 status
1038 2075 1250 2138 exteriorum
1267 2083 1302 2138 et
1319 2085 1431 2140 status

308 2171 507 2234 interiorum
527 2169 686 2233 hominis.

370 2279 477 2349 50⁰.
507 2263 592 2330 Cum
612 2265 736 2330 dicitur
753 2263 915 2328 voluntas
932 2271 969 2326 et
987 2261 1168 2343 cogitatio,
1189 2271 1271 2326 tune
1291 2283 1352 2346 per
1369 2285 1430 2329 vo-

309 2360 479 2423 luntatem
503 2361 609 2423 etiam
633 2359 840 2442 intelligitur
862 2356 997 2422 affectio
1020 2365 1056 2422 et
1089 2375 1196 2434 amor,
1221 2368 1295 2422 tum
1319 2361 1430 2424 omnis

306 2455 500 2536 jucunditas
516 2465 551 2518 et
567 2456 730 2538 voluptas
746 2475 833 2538 quae
849 2464 929 2518 sunt
945 2449 1132 2518 affectionis
1148 2461 1184 2516 et
1199 2456 1336 2530 amoris,
1354 2457 1431 2538 quia

309 2549 394 2613 haec
418 2569 455 2613 se
478 2550 628 2614 referunt
653 2551 696 2613 ad
726 2550 944 2614 voluntatem
967 2557 1004 2612 ut
1033 2549 1076 2611 ad
1107 2567 1205 2612 suum
1228 2548 1429 2632 subjeetum,

309 2663 388 2707 nam
412 2645 502 2727 quod
526 2645 631 2708 homo
654 2645 740 2721 vult,
760 2645 825 2709 hoc
850 2653 955 2718 amat,
973 2663 1012 2707 ac
1033 2643 1221 2725 jucundum
1245 2655 1281 2708 et
1304 2646 1430 2728 volupe

309 2741 434 2816 sentit;
458 2749 494 2802 et
513 2741 675 2815 vicissim,
693 2741 784 2824 quod
803 2739 908 2804 homo
927 2749 1031 2812 amat,
1049 2759 1088 2802 ac
1108 2738 1294 2822 jucundum
1314 2749 1349 2804 et
1369 2761 1430 2805 vo-

308 2835 386 2917 lupe
405 2835 522 2909 sentit,
543 2835 608 2899 hoc
628 2835 723 2898 vultt
741 2855 801 2918 per
819 2835 1070 2915 cogitationem
1089 2843 1205 2898 autem
1225 2843 1308 2899 tunc
1328 2838 1429 2901 intel·

309 2931 426 3012 ligitur
444 2931 550 2993 etiam
569 2949 672 2995 omne
690 2931 725 2993 id
748 2949 808 3011 per
826 2929 917 3012 quod
937 2928 1117 2993 confirmat
1136 2927 1350 2996 affectionem
1371 2953 1430 2996 seu

309 3044 460 3088 amorem
477 3045 585 3102 suum,
604 3045 683 3089 nam
697 3027 869 3108 cogitatio
886 3045 954 3088 non
971 3025 1062 3087 aliud
1079 3035 1133 3087 est
1149 3045 1251 3107 quam
1268 3027 1429 3091 volunta·

309 3123 353 3182 tis
371 3121 490 3195 forma,
511 3141 571 3184 seu
591 3131 628 3185 ut
647 3129 813 3204 appareat
837 3122 870 3183 in
891 3121 966 3183 luce
985 3121 1075 3203 quod
1099 3120 1204 3183 homo
1223 3121 1319 3199 vult;
1343 3123 1429 3186 haec

308 3214 416 3278 forma
432 3216 563 3278 sistitur
578 3235 639 3299 per
655 3217 765 3280 varias
777 3216 937 3297 analyses
950 3215 1148 3291 rationales,
1163 3235 1249 3298 quae
1262 3217 1429 3299 originem

309 3329 404 3372 suam
428 3311 557 3374 ducunt
578 3333 598 3375 e
621 3311 788 3394 spirituali
811 3312 950 3384 mundo,
970 3319 1006 3374 et
1029 3321 1110 3374 sunt
1134 3313 1268 3393 proprie
1291 3313 1430 3396 spiritus

308 3405 466 3470 hominis.

278 3537 280 3540 ·
370 3513 469 3582 5⁰1.
499 3499 682 3565 Sciendum
703 3513 767 3579 est,
785 3502 875 3584 quod
894 3501 1000 3564 homo
1016 3519 1153 3582 prorsus
1172 3500 1252 3563 talis
1271 3501 1327 3576 sit,
1345 3521 1429 3584 qua·

309 3593 350 3657 lis
369 3605 423 3659 est
440 3597 553 3678 quoad
572 3617 632 3661 sua
650 3599 823 3670 interiora,
844 3605 879 3660 et
903 3615 971 3659 non
991 3595 1102 3678 qualis
1120 3604 1175 3659 est
1193 3596 1307 3679 quoad
1326 3606 1428 3661 exte·

308 3691 397 3753 riora
419 3701 580 3774 separata
603 3694 647 3756 ab
669 3693 897 3756 interioribus.
943 3691 1055 3755 Causa
1077 3701 1143 3766 est,
1167 3693 1247 3774 quia
1266 3692 1429 3756 interiora

308 3795 387 3847 sunt
410 3784 481 3866 ejus
505 3788 653 3868 spiritus,
674 3807 714 3850 ac
737 3789 809 3850 vita
835 3787 982 3850 hominis
1011 3795 1065 3850 est
1094 3787 1167 3849 vita
1196 3787 1247 3850 sui
1276 3788 1427 3870 spiritus,

308 3879 388 3944 inde
416 3881 506 3944 enim
537 3901 659 3964 corpus
688 3883 798 3960 vivit;
829 3892 1038 3964 quapropter
1066 3883 1171 3944 etiarn
1194 3882 1304 3964 qualis
1323 3882 1429 3946 homo

308 3983 362 4039 est
380 3977 493 4058 quoad
511 3997 572 4039 sua
589 3978 762 4050 interiora,
783 3977 862 4040 talis
882 3987 1000 4042 manet
1022 3978 1055 4041 in
1079 3987 1268 4040 aeternum.
1313 3976 1427 4041 Exte-

308 4071 397 4134 riora
415 4079 543 4145 autem,
563 4071 641 4153 quia
669 4073 844 4152 pertinent
863 4071 968 4134 etiam
998 4071 1042 4134 ad
1070 4091 1203 4154 corpus,
1224 4081 1428 4153 separantur

307 4175 387 4247 post
407 4175 566 4240 mortem,
586 4175 623 4229 et
641 4185 683 4229 ea
700 4185 788 4248 quae
806 4185 850 4230 ex
874 4165 941 4229 illis
960 4167 1151 4230 adhaerent
1170 4166 1314 4249 spiritui,
1335 4168 1427 4249 sopi-

307 4268 419 4335 untur,
434 4281 474 4324 ac
492 4261 596 4324 modo
611 4262 800 4325 inserviunt
817 4279 879 4343 pro
895 4261 1000 4342 plano
1014 4261 1241 4336 interioribus,
1258 4273 1297 4325 ut
1313 4281 1425 4344 supra,

308 4353 363 4418 ubi
375 4352 489 4418 actum
501 4365 555 4420 est
568 4357 611 4420 de
623 4357 787 4420 memoria
799 4356 947 4420 hominis
960 4367 1039 4438 poet
1053 4367 1199 4422 mortem
1212 4355 1426 4432 remanente,

307 4461 486 4516 ostensum
502 4461 567 4515 est.
611 4451 698 4515 Inde
714 4459 822 4534 patet,
836 4471 1005 4535 quaenam
1021 4463 1102 4516 sunt
1119 4453 1254 4537 propria
1266 4453 1425 4527 hominis,

307 4555 344 4609 et
362 4561 530 4629 quaenam
550 4563 618 4610 non
638 4555 718 4611 sunt
737 4549 873 4630 propria
891 4547 972 4630 ejus,
992 4549 1083 4631 quod
1103 4565 1228 4631 nempe
1246 4549 1336 4631 apud
1353 4565 1425 4611 ma-

307 4639 359 4704 los
383 4641 498 4706 omnia
526 4641 586 4706 illa
609 4661 696 4725 quae
719 4651 800 4711 sunt
822 4643 1004 4708 exterioris
1031 4645 1256 4726 cogitationis
1284 4665 1331 4708 ex
1360 4663 1427 4727 qua
