3350 5366
281 651 346 736 388
604 665 657 718 uu
678 663 805 724 cunno
828 665 876 717 uu
899 663 1081 719 turbuno.

280 839 374 922 gitur
388 836 494 904 bomo
509 855 587 905 cum
604 837 747 913 inferno,
764 846 884 919 ctpee·
894 835 1157 918 spititusbonos
1173 833 1236 918 qui
1246 833 1295 900 ibi
1309 843 1407 912 siut..

280 953 359 1024 qum
378 932 486 998 caelo
510 997 515 1006 ,
531 929 623 1014 Quis
639 935 689 996 ita
707 953 748 998 ee
763 952 818 1004 res
835 931 957 1006 babet,
968 931 1048 996 ideo
1063 932 1210 1002 mundus
1224 931 1408 1014 spirituum

280 1037 336 1108 qst
363 1028 496 1096 medius
523 1028 613 1097 iuter
635 1027 776 1096 caelum:
799 1035 839 1098 et
866 1026 1046 1102 infernum,
1070 1036 1105 1092 ct
1139 1026 1186 1090 ibi
1215 1035 1269 1090 est
1292 1026 1408 1108 ipsum

280 1124 528 1207 aequilibrium.
574 1122 675 1204 Quod
698 1121 845 1196 muudus
867 1122 1045 1203 spirituum
1076 1122 1121 1196 sit
1152 1121 1287 1187 medius-
1313 1121 1404 1198 lutet

281 1219 415 1291 caelum
434 1230 471 1284 et
494 1218 673 1294 infernum,
693 1219 851 1302 videatur,
870 1217 910 1282 in
930 1216 1078 1284 articulo
1101 1214 1154 1282 Dc
1175 1215 1307 1280 Mundo
1326 1215 1402 1300 Spi-

280 1315 406 1378 rituum
432 1313 480 1396 (n.
502 1313 690 1395 421-431);
721 1312 872 1394 ecquod
896 1312 942 1376 ibi
964 1313 1010 1376 sit
1033 1313 1145 1395 ipsum
1167 1311 1406 1394 aequilibrium.

280 1409 370 1475 inter
385 1409 519 1474 caelum
539 1418 575 1472 ct
591 1408 769 1482 infernum,
787 1408 820 1473 in
840 1406 986 1472 anticulo
1003 1406 1336 1488 moxpraecedente
1354 1405 1403 1486 (n.

283 1503 455 1586 58Η96).
500 1502 558 1569 Ex
576 1503 629 1568 his
648 1523 741 1568 nuno
757 1511 867 1584 patet,
888 1503 983 1570 unde.
998 1501 1129 1578 homini
1148 1511 1203 1564 est
1223 1501 1380 1574 liberum,

344 1599 445 1666 θυι.
476 1597 618 1681 Aliquid
638 1598 748 1662 adhuc
768 1598 904 1665 dicetur
926 1598 970 1662 de
992 1597 1166 1680 spiritibus
1190 1597 1322 1662 honu'ni
1339 1598 1401 1660 ad·

280 1691 413 1776 junctis.
455 1693 598 1774 Integra
614 1694 764 1758 societas
779 1702 900 1774 potest
912 1693 1261 1758 communicationem
1275 1692 1404 1756 habere

280 1807 359 1855 cum
387 1787 456 1852 alis
485 1790 667 1864 societate,
696 1797 732 1855 et
765 1807 901 1870 quoque
935 1807 1013 1850 cum
1047 1807 1116 1852 uno
1148 1787 1229 1862 alio,
1259 1787 1401 1855 ubicun-

280 1903 348 1966 que
365 1893 430 1958 est,
451 1903 511 1966 per
529 1885 686 1966 spiritum
705 1903 726 1950 a
744 1903 785 1948 se
800 1884 973 1948 emissum.
1020 1881 1086 1946 Hic
1103 1883 1241 1962 spiritus
1258 1892 1402 1956 vocatus

280 1975 477 2060 Subjectum
497 1978 653 2061 plurium.
698 1977 921 2044 Similitersc
940 1976 1046 2040 habet
1067 1997 1144 2040 cum
1161 1975 1407 2058 conjunctione·

279 2073 430 2148 hominis
448 2093 526 2138 cum
542 2074 770 2138 societatibus
790 2074 824 2136 iu
842 2071 954 2146 caelo,
971 2081 1010 2135 et
1028 2091 1104 2136 cum
1124 2073 1349 2138 societatibus
1367 2073 1401 2136 in

279 2168 423 2244 inferno,
444 2189 504 2250 per
519 2169 657 2252 spiritus
676 2167 806 2232 bomini
824 2164 1006 2248 adjunstos
1024 2187 1044 2229 e
1063 2167 1191 2230 mundo
1210 2167 1400 2248 spirituum.

281 2262 351 2346 (De
374 2264 426 2330 his
449 2283 583 2346 quoquc
606 2265 764 2328 videatur
794 2263 828 2326 in
851 2261 1002 2326 Arcam's
1028 2260 1235 2328 caelestibus
1258 2264 1292 2326 in
1316 2262 1406 2326 locis

279 2361 399 2424 citetis
416 2360 461 2422 ad
479 2357 609 2440 linem.)
1047 2397 1049 2402 ,
1129 2367 1140 2388 ‘⁴
1253 2399 1255 2406 ·

302 2453 305 2464 '
342 2453 446 2518 6⁰²·
475 2451 611 2518 Ultimo
627 2451 887 2516 memorandum
902 2461 959 2516 cst
976 2451 1019 2516 de
1038 2451 1153 2526 insito,
1167 2451 1337 2533 quod'est
1355 2471 1400 2518 ex

279 2549 409 2615 influxu
431 2548 519 2612 caeli
546 2549 637 2630 apud
660 2548 847 2622 hominem,
872 2547 915 2612 de
950 2547 1022 2610 vita
1044 2546 1115 2627 ejus
1138 2557 1218 2628 post
1242 2557 1400 2613 mortem.

281 2643 435 2708 Fuerunt
458 2643 597 2726 quidam
627 2664 672 2707 ex
702 2642 849 2725 simplici
872 2641 984 2724 plebe,
1005 2642 1061 2724 qui
1090 2642 1123 2704 in
1147 2641 1239 2706 bono
1258 2639 1336 2706 fidei
1366 2643 1401 2706 in

279 2740 409 2810 mundo
424 2739 605 2808 vixerunt:
629 2739 678 2802 illi
698 2739 732 2802 in
750 2747 881 2805 statum
897 2736 1059 2812 similem„
1072 2737 1110 2808 in
1122 2757 1196 2818 'quo
1212 2737 1355 2804 luerunt
1366 2737 1400 2802 in

279 2835 420 2909 mundo,
439 2831 569 2898 redacti
588 2843 688 2911 sunt3
711 2831 777 2898 hoc
798 2832 868 2896 fieti
886 2851 963 2896 cum
980 2833 1175 2914 unoquovis
1188 2841 1307 2912 potest
1321 2850 1407 2898 cum·

279 2929 448 2994 Dominus
468 2929 653 3008 concedit;
686 2939 723 2992 et
752 2937 833 3014 tunc
853 2938 1032 2993 ostensum
1051 2937 1108 3002 est,
1135 2926 1271 3010 qualem
1288 2927 1401 2992 ideam

279 3025 324 3090 dc
339 3034 434 3091 statu
450 3023 597 3088 bominis
614 3033 692 3105 post
707 3033 860 3092 moetem.
871 3023 1074 3090 habuerunt.
1120 3021 1293 3086 Dixerunt
1309 3021 1401 3104 quod

278 3117 383 3200 aliqui
411 3119 650 3200 intelligentes
679 3119 712 3182 in
742 3117 872 3182 mundo
893 3118 1184 3198 interrogaverint
1212 3117 1290 3182 illos
1316 3117 1400 3198 quid

279 3215 438 3295 cogitant
461 3215 505 3280 de
528 3215 642 3280 anima
660 3234 720 3278 sua
747 3222 828 3296 post
855 3213 964 3278 vitam
992 3213 1026 3276 in
1057 3211 1207 3289 mund0;
1234 3211 1406 3276 dixerunt*

279 3309 370 3392 quod
390 3327 458 3372 non
478 3310 590 3372 sciant
606 3309 686 3391 quid
705 3309 846 3372 animas
876 3307 1183 3388 Interroguverunt
1201 3325 1307 3389 porro·
1318 3306 1402 3389 quid

279 3405 423 3472 cnedunt
445 3404 489 3468 de
512 3413 609 3471 statu
630 3424 691 3469 suo
714 3413 794 3486 post
818 3412 994 3482 mortem
1025 3403 1187 3472 dixerunt
1211 3401 1304 3484 quod
1325 3419 1398 3466 cre-

279 3501 368 3574 dunt
389 3519 427 3562 se
449 3497 599 3564 victuros
622 3497 771 3580 spiritus.
804 3498 914 3565 *Tunc
938 3499 1239 3578 interrogaverunt
1262 3495 1400 3578 qualem

279 3591 382 3666 fidem
394 3594 524 3658 habent
536 3593 580 3661 de
590 3595 709 3676 spiritu
724 3616 731 3672 ;
751 3595 914 3658 dixerunt
928 3594 1018 3676 quod
1032 3594 1077 3656 sit
1089 3592 1204 3656 homo.
1248 3590 1400 3656 Interro-

279 3691 411 3771 gabant
430 3689 520 3754 unde
538 3689 604 3754 hoc
624 3690 756 3766 sciant;
780 3689 945 3756 dicebant
961 3687 1051 3770 quod
1071 3689 1104 3752 id
1125 3689 1236 3750 sciant
1256 3687 1334 3770 quia
1352 3687 1403 3756 its

279 3795 345 3854 est.
390 3783 633 3866 Intelligeutes
658 3783 708 3848 illi
731 3783 843 3848 mirati
866 3793 958 3857 sunt.
979 3785 1071 3864 quod
1094 3783 1175 3848 talis
1197 3781 1286 3848 fides
1304 3793 1398 3850 osset

279 3879 501 3960 simplicibus,
525 3890 562 3942 et
591 3877 682 3961 quod
714 3878 888 3945 nonsibi.
934 3878 1020 3942 Inde
1049 3879 1173 3962 patuit,
1194 3877 1285 3960 quod
1309 3877 1404 3960 spui

280 3971 540 4052 unumquemvis
571 3971 756 4046 bominem.
787 3974 845 4054 qui
882 3973 916 4036 in
954 3969 1195 4056 conjunctione
1229 3981 1284 4038 est
1322 3991 1405 4040 cunc

279 4066 389 4142 caelo,
407 4067 451 4130 sit
471 4067 611 4130 insitum
631 4068 674 4130 de
694 4068 766 4130 vita
782 4087 846 4132 sua
864 4076 944 4148 post
957 4079 1115 4130 montem.
1163 4067 1238 4130 Hoc
1259 4068 1401 4133 insitum

279 4159 351 4228 non
373 4160 511 4226 aliunde
532 4171 588 4226 est
614 4181 716 4246 quam
746 4181 794 4226 ex
819 4161 950 4226 influxu
979 4183 998 4224 e
1028 4159 1138 4236 caelo,
1158 4161 1223 4225 hoc
1254 4172 1319 4235 est.
1340 4179 1402 4242 per

279 4257 415 4329 caelum
436 4277 458 4320 a
491 4257 652 4334 Domino,
676 4258 795 4327 mediis
818 4257 1004 4340 spiritibus,
1027 4259 1086 4340 qui
1103 4279 1129 4329 .e,
1150 4257 1281 4326 eundo
1299 4251 1398 4339 spiriss

279 4363 376 4425 mum
393 4351 525 4418 homini
546 4351 695 4435 adjuncti
714 4362 819 4430 sunt3
848 4361 889 4418 et
912 4349 1187 4432 [memosondum
1209 4351 1279 4434 est]
1307 4351 1405 4433 quoii

279 4448 326 4512 sit
348 4445 426 4522 illis,
445 4447 536 4528 apud
559 4469 646 4530 quos
664 4447 807 4513 liberum
826 4448 1003 4528 cogitandi
1025 4467 1094 4510 uon
1113 4443 1326 4512 exstinctum
1344 4455 1401 4513 est

279 4564 340 4625 pcc
356 4543 525 4625 principia
537 4554 642 4626 capta
653 4553 694 4608 et
710 4543 811 4609 variis
827 4541 1030 4608 confirmata
1049 4544 1093 4608 de
1108 4543 1221 4608 anima
1237 4539 1398 4614 bominis.

279 4656 381 4722 quom
412 4637 468 4702 uel
497 4637 618 4706 dicunt
640 4657 717 4704 esse
746 4657 865 4722 puram
888 4639 1154 4721 cogitationen,
1174 4636 1231 4702 vel
1259 4634 1398 4720 utiq-uod
