3350 5366
327 666 378 718 oe
402 663 653 731 neomaenia
676 661 794 716 turen
817 661 976 718 crubuit
997 660 1046 715 st
1069 665 1281 716 maresuan.
1328 652 1385 733 381

271 837 311 902 ln
340 837 471 902 mundo
489 835 637 901 naturali
664 843 719 902 est
748 835 852 900 etiam
871 831 1106 920 aequilibrium
1129 835 1219 900 lnter
1237 833 1385 899 calorem

269 943 307 998 et
321 932 438 1015 frigus,
455 934 546 996 inter
560 932 673 996 iucem
688 941 724 998 et
741 933 907 1006 umbram,
921 941 958 996 et
974 933 1065 995 inter
1080 931 1208 995 siccum
1226 940 1262 994 et
1279 931 1385 994 bumi-

269 1030 372 1108 dum;
402 1029 515 1093 media
536 1039 772 1111 temperatura
795 1038 849 1094 est
873 1029 1120 1113 aequilibrium.
1165 1029 1230 1092 Est
1254 1045 1385 1111 quoque

269 1125 506 1208 aequilibrium
528 1126 562 1188 in
586 1123 743 1190 omnibus
766 1122 927 1206 subiedtis
945 1135 1129 1206 regnorum
1152 1124 1281 1198 mundi,
1301 1141 1385 1206 quae

269 1231 350 1284 sunt
374 1222 450 1296 tria,
475 1237 599 1303 nempe
622 1220 798 1296 minerale,
818 1219 1028 1301 vegetabile,
1047 1227 1083 1283 et
1106 1217 1280 1297 animale;
1309 1235 1386 1282 nam

269 1315 399 1398 absque
426 1315 626 1398 aequilibrio
655 1316 688 1378 in
719 1315 786 1379 illis
803 1315 887 1378 nihil
906 1316 1029 1378 existit
1055 1322 1092 1378 et
1121 1313 1300 1392 subsistlt;
1334 1321 1386 1378 est

270 1410 380 1474 ubivis
399 1411 488 1474 sicut
506 1419 653 1474 conatus
671 1411 716 1474 ab
735 1429 802 1474 una
821 1419 919 1492 parte
938 1426 1047 1492 agens
1064 1417 1100 1474 et
1123 1409 1167 1472 ab
1185 1410 1294 1472 altera
1313 1427 1386 1472 rea—

270 1523 367 1588 gens.
400 1504 524 1572 Omnis
533 1507 724 1570 existentia
736 1523 797 1569 seu
810 1505 921 1570 omnis
930 1503 1116 1570 elied'tuslit
1129 1505 1162 1567 in
1174 1503 1386 1588 aequilibrio,

271 1601 360 1664 ursed
377 1599 415 1664 fit
434 1619 494 1683 per
509 1601 542 1664 id
559 1601 651 1684 quod
669 1619 735 1664 una
751 1601 801 1663 vis
818 1609 901 1684 agat
920 1607 957 1664 et
973 1600 1083 1664 altera
1099 1601 1248 1682 patiatur
1264 1619 1300 1662 se
1319 1601 1386 1682 agi,

210 1760 217 1774 ,
270 1715 330 1760 seu
349 1697 440 1779 quod
456 1715 524 1760 una
538 1697 593 1759 vis
605 1697 744 1778 agendo
759 1695 890 1771 influat,
906 1705 942 1760 et
961 1695 1231 1778 altera-recipiat
1248 1701 1285 1758 et
1304 1713 1387 1758 con·

269 1791 450 1854 venienter
464 1793 576 1855 cedat.
623 1791 661 1854 ln
680 1791 807 1854 mundo
824 1790 971 1854 naturali
988 1791 1023 1855 id
1041 1791 1132 1874 quod
1148 1791 1223 1872 agit
1242 1799 1278 1854 et
1297 1790 1387 1873 quod

269 1887 382 1969 reagit
401 1897 544 1949 vocatur
561 1888 613 1949 vis
635 1897 671 1950 et
690 1905 826 1969 quoque
844 1896 1013 1965 conatus3
1036 1887 1097 1949 sed
1117 1888 1150 1948 in
1171 1887 1301 1948 mundo
1319 1887 1388 1966 spi·

270 1981 384 2046 rituali
402 1981 436 2044 id
452 1982 543 2063 quod
562 1982 635 2062 agit
655 1989 691 2044 et
710 1981 801 2064 quod
818 1983 940 2062 reagit,
959 1991 1104 2045 vocatur
1122 1981 1193 2044 vita
1212 1989 1248 2044 et
1266 1979 1388 2044 volun·

271 2086 348 2154 tas;
379 2077 451 2140 uita
469 2077 515 2139 ibi
535 2087 589 2140 est
612 2079 663 2139 vis
685 2078 774 2151 viva,
794 2084 830 2140 et
853 2075 1014 2141 uoluntas
1037 2085 1091 2140 est
1115 2085 1261 2139 conatus
1280 2077 1387 2150 vivus,

268 2179 307 2236 et
340 2172 450 2253 ipsum
484 2171 717 2253 aequilibrium
741 2179 886 2236 vocatur
907 2171 1060 2236 liberum.
1105 2171 1239 2235 Existit
1273 2172 1389 2253 itaque

269 2277 307 2333 et
328 2269 487 2332 subsistit
506 2269 739 2351 aequilibrium
759 2269 934 2351 spirituale
956 2287 1017 2332 seu
1040 2267 1193 2344 liberum,
1214 2269 1304 2333 inter
1326 2269 1388 2332 bo·

271 2379 351 2427 num
365 2363 408 2426 ab
421 2383 486 2426 una
498 2373 597 2446 parte
610 2383 727 2446 agens,
741 2371 777 2428 et
791 2364 918 2428 malurn
931 2365 975 2427 ab
986 2364 1098 2428 altera
1111 2374 1209 2446 parte
1221 2383 1367 2446 reagens
1380 2385 1388 2442 ;

270 2459 327 2522 vel
345 2460 435 2522 inter
453 2458 580 2522 malum
601 2460 646 2524 ab
664 2477 732 2522 una
750 2469 850 2541 parte
866 2472 988 2540 agens,
1004 2467 1040 2522 et
1064 2459 1192 2523 bonum
1216 2459 1261 2523 ab
1279 2459 1390 2523 altera

270 2561 368 2637 parte
384 2573 551 2636 reagens:
576 2555 809 2638 aequilibrium
826 2555 916 2618 inter
934 2555 1061 2618 bonum
1079 2575 1188 2637 agens
1207 2565 1243 2618 et
1262 2555 1388 2616 malum

270 2665 416 2731 reagens
429 2659 484 2712 est
494 2649 583 2730 apud
600 2649 720 2724 bonos,
736 2657 771 2712 at
789 2648 1025 2732 aequilibrium
1038 2649 1128 2713 inter
1140 2649 1267 2712 malum
1281 2665 1389 2732 agens

270 2753 307 2807 et
340 2745 467 2808 bonum
490 2761 637 2825 reagens
663 2753 717 2807 est
747 2745 837 2826 apud
861 2744 982 2807 malos.
1027 2743 1129 2826 Quod
1153 2744 1388 2826 aequilibrium

271 2837 447 2921 spirituale
466 2839 511 2902 sit
530 2839 620 2902 inter
638 2841 766 2902 bonum
789 2848 826 2903 et
849 2840 987 2913 malum,
1006 2851 1061 2903 est
1079 2841 1157 2922 quia
1175 2859 1278 2903 omne
1296 2839 1389 2902 vitae

270 2933 417 2998 hominis
436 2955 473 2999 se
492 2935 593 2999 refert
612 2935 656 2998 ad
676 2935 803 2998 bonurn
822 2945 858 2999 et
877 2935 921 2998 ad
940 2935 1079 3009 malurn,
1097 2955 1136 2998 ac
1156 2933 1318 2998 voluntas
1333 2943 1388 2998 est

271 3029 538 3112 receptaculum.
583 3027 648 3094 Est
679 3049 813 3114 quoque
837 3029 1072 3113 aequilibrium
1096 3029 1185 3093 inter
1207 3045 1326 3094 verum
1352 3039 1388 3094 et

271 3123 414 3203 laisum3
442 3123 503 3188 sed
522 3125 588 3189 hoc
605 3125 780 3207 dependet
802 3126 847 3188 ab
869 3125 1068 3208 aequilibrio
1090 3126 1180 3190 inter
1201 3123 1328 3189 bonum
1352 3136 1389 3189 et

271 3217 397 3282 bonurn
413 3228 450 3283 et
466 3219 604 3284 malum.
648 3220 897 3303 Aequilibrium
911 3223 1127 3284 interveram
1144 3230 1180 3283 et
1195 3220 1317 3283 salsum
1333 3229 1388 3284 est

271 3314 359 3379 sicut
381 3315 472 3378 inter
494 3314 606 3379 lucem
628 3323 664 3379 et
686 3316 853 3391 umbram,
873 3335 961 3399 quae
985 3323 1121 3380 tanturn
1145 3325 1331 3397 operantur
1353 3317 1388 3378 in

271 3406 422 3490 subjcdia
440 3411 536 3491 regni
558 3411 774 3491 vegetabilis,
795 3419 960 3492 quantum
983 3411 1016 3474 in
1040 3411 1116 3474 luce
1139 3419 1174 3474 et
1197 3411 1316 3474 umbra
1334 3422 1388 3474 est

272 3502 365 3566 calor
381 3513 419 3566 et
438 3503 560 3585 frigus:
585 3505 676 3586 quod
696 3505 756 3568 lux
775 3515 811 3568 et
831 3507 950 3569 umbra
968 3525 1014 3569 ex
1034 3527 1071 3570 se
1090 3505 1173 3569 nihil
1189 3515 1387 3588 operentur,

272 3597 331 3660 sed
348 3599 439 3680 quod
455 3599 549 3662 calor
565 3619 625 3682 per
640 3599 727 3676 illas,
741 3611 901 3665 constare
922 3610 1038 3683 potest
1061 3623 1106 3665 ex
1129 3602 1231 3665 simili
1253 3601 1329 3665 luce
1352 3613 1388 3665 et

272 3692 390 3755 umbra
406 3702 562 3775 ternpore
578 3694 698 3760 hiemis
715 3703 750 3758 et
765 3705 921 3778 tempore
937 3697 1035 3760 veris.
1080 3695 1303 3779 Comparatio
1318 3698 1389 3760 veri

272 3797 307 3852 et
325 3787 400 3852 salsi
419 3809 496 3852 cum
515 3789 590 3854 luce
609 3801 645 3856 et
669 3790 788 3856 umbra
806 3801 861 3855 est
883 3813 929 3856 ex
952 3793 1277 3876 correspondentia;
1308 3811 1388 3858 nam

272 3902 388 3946 verum
412 3887 659 3966 correspondet
689 3885 765 3961 luci,
789 3885 912 3950 falsum
935 3888 1085 3965 umbrae,
1110 3899 1146 3952 et
1176 3887 1270 3954 calor
1296 3888 1389 3954 bono

273 3977 419 4056 amoris;
443 3987 479 4043 et
499 3999 637 4064 quoque¹
652 3977 712 4044 iux
731 3979 917 4066 spiritualis
936 3993 990 4048 est
1009 4004 1138 4060 verum,
1156 3983 1275 4048 umbra
1291 3985 1390 4066 spiri·

273 4073 373 4136 tualis
397 4084 451 4138 est
472 4074 607 4150 salsum,
631 4096 671 4142 ac
694 4077 789 4141 calor
811 4078 997 4161 spiritualis
1019 4089 1075 4143 est
1102 4081 1229 4144 bonum
1252 4081 1388 4144 amoris.

273 4165 342 4250 (De
361 4189 427 4254 qua
445 4191 481 4234 re
500 4171 656 4236 videatur
674 4172 706 4236 in
726 4173 873 4238 articulo
890 4175 945 4238 ubi
969 4175 1012 4239 de
1032 4174 1125 4240 Luce
1148 4185 1183 4240 et
1207 4173 1331 4240 Calore
1354 4177 1388 4238 in

273 4259 390 4340 Caelo,
412 4285 442 4330 n.
466 4265 853 4352 126-140‚a8tumest.)

334 4374 441 4441 590·
473 4361 538 4425 Est
569 4373 772 4446 perpetuum
802 4363 1038 4450 aequilibrium
1067 4365 1156 4430 inter
1185 4361 1316 4430 caelum
1351 4375 1387 4430 et

273 4453 448 4519 infernum.
490 4455 547 4520 Ex
564 4459 694 4523 inlerno
710 4459 874 4525 continue
886 4463 1041 4544 exspirat
1057 4471 1093 4527 et
1109 4463 1266 4528 ascendit
1282 4481 1389 4526 cona-

273 4558 329 4614 tus
346 4549 491 4616 faciendi
509 4554 646 4628 rodum,
663 4564 700 4618 et
723 4575 769 4618 ex
792 4550 890 4620 caelo
908 4557 1071 4622 continue
1090 4559 1245 4640 exspirat
1268 4568 1304 4622 et
1326 4557 1387 4622 de-

273 4646 406 4710 scendit
430 4658 575 4712 conatus
597 4649 742 4714 faciendi
765 4652 902 4717 bonurn.
948 4653 988 4717 ln
1019 4653 1078 4718 illo
1108 4648 1307 4738 aequilibrio
1334 4663 1387 4717 est
