3382 5358
299 644 356 724 178
620 655 670 707 nn
693 655 820 708 canno
843 657 892 706 nr
915 656 1097 708 meursio.
1158 677 1160 683 s

293 847 362 891 non
378 828 466 893 sciat
482 828 572 912 quod
590 847 701 892 nexus
716 827 775 892 ille
791 828 837 892 sit
854 848 915 910 per
927 829 1055 905 caelos,
1071 847 1149 893 cum
1165 837 1284 893 tamen
1300 829 1416 905 homo,

293 925 320 987 si
351 924 543 988 solveretur
571 923 630 988 ille
660 943 782 1000 nexus,
813 921 969 989 actutum
999 926 1141 989 caderet
1172 935 1337 988 mortuus.
1383 923 1418 990 Si

293 1020 398 1084 homo
416 1021 573 1084 crederet
593 1021 682 1084 sicut
706 1039 760 1083 res
783 1020 816 1084 in
841 1041 878 1085 se
901 1032 966 1094 est,
987 1021 1080 1104 quod
1099 1041 1202 1085 omne
1221 1021 1349 1084 bonum
1373 1021 1418 1084 sit

194 1111 197 1120 ’
292 1135 314 1180 a
336 1115 496 1192 Domino,
517 1125 553 1180 et
577 1135 679 1179 omne
703 1115 831 1179 maium
854 1117 899 1180 ab
921 1117 1065 1193 inferno,
1090 1127 1173 1180 tunc
1196 1135 1267 1180 non
1289 1117 1417 1180 bonum

292 1214 382 1296 apud
413 1233 450 1276 se
473 1213 684 1276 meritorium
707 1211 846 1287 iaceret,
871 1233 934 1277 nec
958 1216 1185 1295 imputaretur
1210 1214 1241 1276 ei
1268 1213 1417 1288 malum;

293 1328 372 1372 nam
392 1309 440 1371 sic
464 1309 497 1371 in
518 1309 612 1371 omni
632 1309 724 1371 bono
744 1308 836 1390 quod
855 1310 992 1390 cogitat
1015 1319 1051 1373 et
1075 1309 1158 1372 iacit
1175 1305 1351 1390 spectaret
1374 1309 1417 1371 ad

293 1404 491 1478 Dominum,
516 1414 552 1467 et
583 1423 685 1467 omne
713 1404 854 1478 malum,
882 1405 974 1487 quod
1005 1404 1125 1480 influit,
1150 1403 1346 1485 rejiceretur
1373 1404 1416 1465 ad

292 1498 459 1562 infernum
483 1497 573 1562 unde
596 1508 661 1562 est.
706 1495 774 1562 Sed
799 1499 877 1581 quia
900 1499 1006 1562 homo
1036 1519 1105 1562 non
1135 1500 1245 1562 credit
1268 1498 1416 1582 aliquem

293 1593 458 1660 influxum
474 1614 492 1657 e
509 1592 608 1658 caelo
624 1603 660 1657 et
677 1613 722 1657 ex
739 1594 883 1669 inferno,
897 1605 933 1658 et
950 1596 1030 1661 inde
1047 1604 1147 1677 putat
1164 1594 1256 1677 quod
1275 1595 1309 1658 in
1328 1601 1417 1656 sect

292 1689 372 1752 inde
391 1689 522 1771 quoda
542 1709 579 1753 se
598 1689 667 1752 sint
685 1691 800 1752 omnia
819 1709 905 1772 quae
924 1690 1056 1772 cogitat
1074 1699 1109 1753 et
1128 1709 1216 1772 quae
1235 1687 1317 1762 vult,
1339 1689 1417 1752 ideo

292 1784 351 1848 ille
363 1783 562 1867 appropriat
578 1785 640 1848 sibi
660 1784 799 1862 malurn,
817 1795 853 1849 et
872 1785 998 1849 bonurn
1015 1785 1106 1870 quod
1124 1784 1232 1849 influit
1251 1803 1415 1866 conspur-

293 1888 350 1945 cat
370 1881 503 1944 merito.

703 2135 1005 2150 *ι-

753 2355 955 2441 [XXXIV]

304 2541 363 2606 De
387 2540 688 2621 CouJuucrroun
708 2541 829 2608 Canu
852 2556 932 2608 cunr
958 2541 1122 2606 Hourun
1146 2555 1217 2608 nnn
1238 2541 1415 2607 versun.

355 2742 459 2810 303·
494 2727 550 2790 Illi
578 2729 635 2810 qui
667 2747 713 2791 ex
742 2729 876 2792 ratione
906 2728 1069 2792 interiore
1099 2729 1271 2810 cogitant,
1299 2728 1416 2791 videre

293 2833 438 2904 possunt
454 2823 711 2905 quodomnium
728 2843 840 2887 nexus
852 2825 897 2887 sit
908 2845 968 2912 per
980 2825 1185 2888 intermedia
1201 2843 1277 2888 cum
1291 2824 1415 2898 Primo,

292 2927 328 2981 et
352 2917 444 2999 quod
466 2919 627 3001 quicquid
651 2937 720 2982 non
744 2920 778 2982 in
798 2939 891 2982 nexu
910 2928 976 2995 est,
997 2919 1150 2998 diffluat;
1181 2921 1293 2984 sciunt
1312 2919 1415 2994 enirn,

292 3031 369 3076 curn
396 3013 567 3095 cogitant,
587 3013 680 3096 quod
711 3013 795 3077 nihil
825 3015 1012 3078 subsistere
1042 3015 1153 3097 possit
1183 3033 1204 3078 a
1233 3033 1281 3090 se,
1306 3015 1369 3076 sed
1395 3033 1416 3076 a

292 3108 395 3190 priori
413 3127 461 3184 se,
482 3109 532 3172 ita
549 3109 665 3172 omnia
681 3129 702 3172 a
718 3109 851 3188 Primo;
875 3119 911 3174 et
927 3110 1018 3193 quod
1035 3129 1148 3173 nexus
1164 3127 1241 3172 cum
1258 3109 1360 3191 priori
1380 3127 1416 3171 se

293 3203 339 3266 sit
358 3203 447 3267 sicut
466 3214 520 3268 est
540 3201 680 3268 effecius
703 3223 779 3268 cum
803 3225 865 3268 sua
888 3225 993 3268 causa
1011 3205 1204 3282 efficiente;
1229 3223 1306 3267 curn
1325 3205 1416 3266 enim

292 3298 443 3362 aufertur
459 3319 562 3364 causa
577 3299 729 3364 efficiens
748 3321 769 3364 a
787 3321 850 3363 suo
866 3299 998 3377 effebiu
1017 3310 1098 3364 tunc
1116 3296 1255 3365 effeetus
1271 3298 1416 3362 solvitur

292 3403 328 3458 et
351 3393 525 3458 dilabitur.
579 3393 668 3476 Quia
690 3396 739 3460 ita
762 3397 1002 3478 cogitaverunt
1025 3392 1130 3470 docti,
1154 3395 1233 3458 ideo
1256 3395 1416 3458 viderunt

292 3497 329 3552 et
348 3489 520 3564 dixerunt,
534 3490 626 3572 quod
643 3490 867 3554 subsistentia
886 3491 931 3554 sit
950 3500 1117 3574 perpetua
1133 3489 1343 3566 existentia;
1367 3490 1416 3552 ita

292 3583 383 3666 quod
402 3585 518 3647 omnia
536 3604 556 3648 a
576 3585 699 3661 Primo,
719 3605 822 3668 aquo
838 3586 917 3668 quia
932 3587 1156 3658 exstiterunt,
1171 3585 1277 3648 etiam
1294 3605 1415 3667 perpe·

293 3687 354 3742 tuo
373 3679 541 3754 existant,
566 3679 632 3743 hoc
656 3690 723 3756 est,
744 3681 947 3744 subsistant.
993 3679 1061 3745 Sed
1084 3681 1193 3764 qualis
1220 3691 1274 3744 est
1305 3699 1415 3743 nexus

292 3772 439 3854 cujusvis
462 3775 511 3837 rei
534 3793 611 3838 curn
638 3775 741 3856 priori
770 3795 818 3850 se,
839 3776 890 3838 ita
916 3793 993 3840 cum
1018 3775 1129 3840 Primo
1152 3797 1172 3838 a
1195 3795 1263 3857 quo
1286 3775 1413 3846 omnia,

293 3889 361 3932 non
392 3871 508 3950 paucis
537 3871 605 3934 dici
631 3881 762 3952 potest,
787 3871 866 3953 quia
895 3882 950 3936 est
976 3871 1089 3934 varius
1112 3881 1148 3934 et
1172 3870 1347 3950 diversus;
1381 3871 1414 3934 in

293 3984 421 4046 genere
437 3965 548 4029 solum
565 3967 656 4048 quod
676 3985 788 4030 nexus
806 3968 852 4030 sit
871 3967 988 4030 mundi
1007 3966 1172 4030 naturalis
1192 3985 1268 4029 cum
1289 3966 1416 4028 mundo

293 4058 472 4142 spirituali,
493 4071 529 4124 et
553 4061 644 4144 quod
669 4062 748 4124 inde
772 4062 817 4124 sit
840 4061 931 4143 quod
951 4061 1258 4142 correspondentia
1276 4061 1320 4123 sit
1341 4077 1415 4122 om·

295 4156 386 4218 nium
406 4175 492 4238 quae
512 4157 545 4219 in
566 4155 715 4219 naturali
738 4156 867 4218 mundo
886 4166 966 4220 sunt
990 4175 1067 4220 curn
1090 4155 1248 4220 omnibus
1271 4176 1358 4238 quae
1382 4155 1415 4218 in

294 4251 462 4334 spirituaii
487 4251 545 4334 (de
567 4271 634 4334 qua
657 4249 973 4334 Correspondentia
991 4252 1159 4327 videatur,
1179 4271 1212 4314 n.
1236 4249 1415 4332 103-115);

294 4357 367 4411 turn
380 4347 471 4430 quod
490 4367 602 4411 nexus
613 4348 658 4411 sit
674 4357 709 4412 et
726 4347 805 4410 inde
818 4347 1124 4429 correspondentia
1137 4347 1289 4410 omnium
1306 4345 1415 4410 horni-
1503 4342 1507 4351 ⁴

295 4443 441 4508 niseum
456 4444 615 4508 omnibus
633 4443 720 4508 caeli
741 4440 800 4525 (de
818 4463 885 4526 qua
903 4443 1009 4508 etiam
1028 4463 1140 4525 supra,
1158 4461 1190 4506 n.
1204 4440 1356 4524 87-102).

357 4551 462 4620 3⁰4.
493 4539 609 4603 Homo
632 4539 682 4603 ita
704 4549 841 4602 creatus
859 4547 924 4614 est,
938 4549 976 4603 ut
1000 4557 1128 4602 nexum
1148 4548 1184 4602 et
1203 4533 1415 4618 conjunctio·

296 4655 374 4700 nern
403 4635 531 4700 habeat
562 4653 640 4700 cum
668 4633 828 4712 Domino,
857 4644 893 4699 at
924 4651 1000 4700 cum
1031 4633 1165 4717 angelis
1195 4634 1282 4698 caeli
1312 4633 1416 4696 modo
