3350 5366
313 585 364 637 DE
375 579 631 648 mannum,
641 583 726 638 SITU
740 583 787 636 m*
798 585 1067 638 PLURALITATE
1081 587 1345 642 lNFERNORUM.
1364 591 1403 658 37
1406 590 1422 659 5

297 758 450 841 spiritus
469 756 554 822 alios
573 767 676 822 extra
694 777 741 834 se,
761 768 797 823 et
816 779 877 842 per
895 759 1038 822 emissos
1053 780 1074 823 a
1093 780 1140 824 se.
1188 758 1361 838 Quartum,
1381 762 1424 826 ad

312 855 530 934 operationes
555 873 616 935 per
642 853 851 937 phantasias.
898 854 1065 933 Quintum,
1090 855 1132 917 ad
1156 853 1339 938 ejectiones
1362 877 1424 921 ex·

312 959 365 1010 tra
388 969 435 1024 se,
459 969 499 1012 ac
523 950 602 1012 inde
626 951 841 1030 praesentias
864 949 944 1012 alibi
966 969 1067 1032 quam
1091 950 1146 1014 ubi
1169 970 1312 1033 corpore
1335 961 1424 1016 sunt.

312 1041 461 1118 Sextum,
485 1044 530 1107 ad
553 1045 798 1118 simulationes,
823 1047 1069 1128 persuasiones,
1093 1055 1129 1108 et
1153 1046 1341 1109 mendacia.
1386 1046 1424 1110 ln

311 1139 373 1202 has
395 1149 489 1203 artes
512 1141 607 1203 venit
626 1141 764 1222 spiritus
788 1140 935 1204 hominis
958 1140 1049 1214 mali,
1074 1159 1150 1204 curn
1174 1141 1306 1204 solutus
1329 1151 1382 1204 est
1406 1162 1424 1204 a

311 1253 374 1298 suo
395 1255 549 1316 corpore,
569 1255 590 1298 a
612 1255 671 1313 se;
696 1237 810 1300 insunt
830 1236 920 1298 enim
940 1246 1082 1298 naturae
1101 1235 1181 1298 mali
1200 1234 1281 1316 ejus,
1301 1236 1335 1298 in
1359 1256 1424 1319 qua

310 1339 392 1395 tunc
415 1339 480 1393 est.
527 1330 589 1393 Per
617 1330 679 1394 has
709 1341 801 1397 artes
817 1331 969 1394 cruciant
1000 1350 1036 1394 se
1066 1339 1185 1394 mutuo
1214 1331 1248 1393 in
1277 1331 1423 1394 infernis.

309 1423 451 1500 Verum,
468 1425 546 1508 quia
561 1444 681 1488 omnes
696 1425 776 1488 illae
795 1435 898 1500 artes,
913 1434 1050 1508 praeter
1068 1425 1145 1488 illas
1160 1445 1247 1507 quae
1266 1423 1349 1489 liunt
1366 1445 1424 1506 per

310 1519 558 1595 simulationes,
578 1521 827 1601 persuasiones,
852 1529 887 1584 et
910 1521 1100 1594 mendacia,
1123 1521 1264 1601 ignotae
1286 1529 1367 1584 sunt
1390 1523 1424 1584 in

310 1615 450 1690 mundo,
471 1633 540 1678 non
559 1615 661 1678 velim
680 1616 714 1678 in
733 1616 846 1696 specie
864 1614 940 1678 illas
958 1615 1011 1678 hic
1031 1615 1235 1705 describere,
1256 1623 1327 1678 tam
1347 1616 1424 1698 quia

310 1727 380 1773 non
398 1709 736 1792 comprehenduntur
754 1728 855 1792 quam
874 1710 953 1792 quia
971 1709 1139 1773 nefandae
1159 1718 1249 1772 sunt.

373 1803 470 1887 581.
500 1803 602 1885 Quod
625 1807 796 1868 cruciatus
824 1805 857 1867 in
881 1805 1019 1868 infernis
1041 1805 1286 1886 permittantur
1308 1823 1328 1866 a
1351 1803 1422 1867 Do-

309 1899 413 1974 mino,
433 1912 488 1962 cst
507 1919 620 1974 causa,
638 1901 716 1982 quia
739 1899 830 1963 mala
853 1917 922 1962 non
945 1898 1046 1962 aliter
1062 1898 1212 1962 coerceri
1234 1907 1270 1960 et
1293 1898 1423 1962 domari

309 2001 464 2073 possunt.
509 1992 657 2056 Unicum
677 1993 824 2056 medium
847 1991 908 2056 illa
926 1992 1106 2055 coercendi
1130 2001 1165 2054 et
1189 1989 1363 2066 domandi,
1383 2011 1422 2054 ac

307 2087 509 2150 infernalem
529 2089 665 2150 turbam
688 2089 722 2151 in
742 2087 886 2152 vinculis
905 2087 1056 2160 tenendi,
1077 2097 1131 2150 est
1149 2087 1253 2149 timor
1271 2105 1422 2169 poenae;

310 2201 379 2246 non
402 2183 504 2247 datur
526 2181 617 2245 aliud
641 2183 810 2261 medium;
843 2201 921 2245 nam
941 2183 1069 2265 absque
1092 2182 1215 2245 timore
1235 2200 1366 2263 poenae
1389 2190 1424 2243 et

308 2278 478 2341 cruciatus
493 2287 607 2343 rueret
624 2277 750 2342 malum
766 2278 800 2340 in
816 2276 955 2350 furores,
972 2295 1013 2339 ac
1029 2276 1283 2357 dispergeretur
1298 2284 1421 2350 totum,

308 2373 397 2438 sicut
415 2393 559 2458 regnum
578 2375 612 2438 in
630 2374 730 2438 terris
749 2373 805 2436 ubi
824 2390 893 2436 non
912 2371 970 2437 lex
989 2381 1025 2436 et
1045 2389 1114 2435 non
1134 2389 1255 2454 poena.

802 2911 926 2996 [uxi]

307 3101 365 3168 Da
387 3101 652 3180 Arearemra,
676 3101 766 3170 Srru
789 3117 838 3168 ar
861 3103 1133 3170 Pnuannrrnra
1153 3101 1419 3170 lurenuomnr.

367 3301 465 3387 582·
495 3303 535 3367 In
555 3305 683 3368 mundo
698 3303 876 3386 spirituali,
896 3324 956 3367 seu
978 3303 1011 3366 in
1031 3302 1159 3367 mundo
1177 3304 1233 3368 ubi
1252 3314 1332 3370 sunt
1351 3303 1419 3388 spi·

304 3399 390 3462 ritus
412 3407 449 3462 et
471 3399 597 3480 angeli,
617 3399 740 3462 similia
758 3408 926 3482 apparent
949 3419 1035 3480 quae
1058 3401 1091 3461 in
1114 3401 1243 3462 mundo
1262 3402 1419 3472 naturali,

276 3521 281 3532 ·
304 3513 364 3557 seu
387 3494 443 3557 ubi
466 3493 622 3558 homines
641 3505 742 3571 sunt;
774 3493 862 3556 adeo
885 3493 1017 3568 similia,
1043 3503 1080 3558 ut
1102 3495 1215 3577 quoad
1239 3505 1418 3560 externam

303 3588 425 3652 faciem
449 3587 544 3651 nulla
573 3590 617 3652 sit
645 3587 844 3652 differentia.
893 3586 1076 3670 Apparent
1106 3589 1151 3652 ibi
1180 3590 1352 3671 planities,
1384 3602 1419 3654 et

303 3693 472 3765 apparent
498 3693 647 3758 montes,
671 3682 779 3746 colles
805 3691 841 3746 et
874 3692 1004 3764 petrae,
1028 3703 1067 3746 ac
1098 3683 1188 3747 inter
1210 3684 1269 3748 illa
1291 3684 1418 3760 valles;

302 3780 440 3860 insuper
455 3780 560 3841 etiam
576 3797 695 3860 aquae,
708 3787 744 3840 et
761 3776 857 3859 plura
873 3777 939 3840 alia
954 3799 1041 3860 quae
1056 3799 1157 3861 super
1172 3778 1306 3844 tellure.
1350 3779 1418 3844 Sed

303 3893 410 3956 usque
424 3873 483 3936 illa
495 3874 611 3936 omnia
626 3893 671 3934 ex
688 3871 854 3953 spirituali
867 3873 997 3954 origine
1013 3882 1112 3951 sunt;
1135 3884 1343 3957 quapropter
1358 3895 1417 3957 ap·

303 3977 426 4049 parent
439 3986 555 4030 coram
571 3967 680 4031 oculis
692 3967 869 4049 spirituum
886 3977 922 4030 et
939 3967 1151 4048 angelorum,
1165 3979 1201 4032 et
1217 3988 1285 4032 non
1302 3989 1417 4033 coram

302 4062 411 4126 oculis
426 4061 613 4137 hominum,
630 4062 708 4144 quia
723 4061 879 4126 homines
897 4063 931 4124 in
948 4062 1095 4124 naturali
1111 4063 1239 4126 mundo
1254 4073 1353 4140 sunt;
1377 4083 1416 4126 ac

302 4155 497 4240 spirituales
515 4157 635 4221 vident
658 4155 717 4221 illa
739 4177 826 4239 quae
856 4178 901 4220 ex
925 4158 1055 4238 origine
1079 4157 1246 4238 spirituali
1270 4167 1361 4232 sunt,
1381 4167 1416 4221 et

302 4251 477 4317 naturales
492 4251 551 4315 illa
566 4271 653 4334 quae
671 4271 717 4315 ex
733 4252 863 4334 origine
880 4251 1036 4315 naturali.
1081 4249 1299 4334 Quapropter
1314 4251 1417 4316 horno

302 4347 413 4412 oculis
434 4348 504 4410 suis
527 4365 740 4430 nequaquam
764 4356 881 4428 potest
902 4347 1018 4410 videre
1040 4345 1099 4409 illa
1122 4347 1266 4428 quaein
1289 4347 1417 4412 mundo

301 4441 468 4524 spirituali
488 4450 578 4517 sunt,
599 4441 662 4504 nisi
680 4441 781 4504 detur
799 4440 848 4503 illi
871 4441 903 4504 in
926 4441 1048 4522 spiritu
1066 4460 1153 4516 esse,
1173 4449 1210 4504 et
1232 4441 1296 4504 nisi
1314 4461 1415 4524 quarn

302 4545 382 4618 post
401 4544 548 4600 mortem
571 4554 647 4600 cum
670 4533 708 4600 fit
731 4535 889 4617 spiritus:
917 4536 1066 4600 vicissim
1084 4536 1189 4600 etiam
1213 4535 1358 4619 angelus
1381 4547 1416 4600 et
