<?xml version="1.0" encoding="UTF-8"?>
<!DOCTYPE html PUBLIC "-//W3C//DTD XHTML 1.0 Transitional//EN"
    "http://www.w3.org/TR/xhtml1/DTD/xhtml1-transitional.dtd">
<html xmlns="http://www.w3.org/1999/xhtml" xml:lang="en" lang="en">
 <head>
  <title>
</title>
<meta http-equiv="Content-Type" content="text/html;charset=utf-8" />
  <meta name='ocr-system' content='tesseract 3.04.00' />
  <meta name='ocr-capabilities' content='ocr_page ocr_carea ocr_par ocr_line ocrx_word'/>
</head>
<body>
  <div class='ocr_page' id='page_1' title='image "./decaeloetejusmi00swedgoog_0164.png"; bbox 0 0 3382 5358; ppageno 0'>
   <div class='ocr_carea' id='block_1_1' title="bbox 461 621 1386 686">
    <p class='ocr_par' dir='ltr' id='par_1_1' title="bbox 461 621 1386 686">
     <span class='ocr_line' id='line_1_1' title="bbox 461 621 1386 686; baseline -0.011 -9"><span class='ocrx_word' id='word_1_1' title='bbox 461 625 512 677; x_wconf 83' lang='lat' dir='ltr'>ns</span> <span class='ocrx_word' id='word_1_2' title='bbox 536 623 740 676; x_wconf 73' lang='lat' dir='ltr'>smmum</span> <span class='ocrx_word' id='word_1_3' title='bbox 764 621 1005 674; x_wconf 77' lang='lat' dir='ltr'>nuosuonun</span> <span class='ocrx_word' id='word_1_4' title='bbox 1028 621 1153 672; x_wconf 76' lang='lat' dir='ltr'>cnam.</span> <span class='ocrx_word' id='word_1_5' title='bbox 1328 622 1386 686; x_wconf 87' lang='lat'>157</span> 
     </span>
    </p>
   </div>
   <div class='ocr_carea' id='block_1_2' title="bbox 262 792 1464 4115">
    <p class='ocr_par' dir='ltr' id='par_1_2' title="bbox 262 792 1387 1835">
     <span class='ocr_line' id='line_1_2' title="bbox 263 792 1387 884; baseline -0.008 -17"><span class='ocrx_word' id='word_1_6' title='bbox 263 800 419 884; x_wconf 90' lang='lat' dir='ltr'>gelorum</span> <span class='ocrx_word' id='word_1_7' title='bbox 432 798 543 864; x_wconf 86' lang='lat' dir='ltr'>intimi</span> <span class='ocrx_word' id='word_1_8' title='bbox 556 796 642 864; x_wconf 85' lang='lat' dir='ltr'>ceeli</span> <span class='ocrx_word' id='word_1_9' title='bbox 655 795 836 880; x_wconf 80' lang='lat' dir='ltr'>praecipue</span> <span class='ocrx_word' id='word_1_10' title='bbox 846 794 1016 860; x_wconf 77' lang='lat' dir='ltr'><strong>consistat</strong></span> <span class='ocrx_word' id='word_1_11' title='bbox 1029 794 1064 858; x_wconf 94' lang='lat' dir='ltr'>in</span> <span class='ocrx_word' id='word_1_12' title='bbox 1077 814 1130 868; x_wconf 89' lang='lat' dir='ltr'>eo,</span> <span class='ocrx_word' id='word_1_13' title='bbox 1141 792 1233 876; x_wconf 86' lang='lat' dir='ltr'>quod</span> <span class='ocrx_word' id='word_1_14' title='bbox 1246 793 1387 861; x_wconf 87' lang='lat' dir='ltr'>videant</span> 
     </span>
     <span class='ocr_line' id='line_1_3' title="bbox 264 887 1386 974; baseline -0.009 -13"><span class='ocrx_word' id='word_1_15' title='bbox 264 897 389 961; x_wconf 89' lang='lat' dir='ltr'>Divina</span> <span class='ocrx_word' id='word_1_16' title='bbox 412 905 448 960; x_wconf 92' lang='lat' dir='ltr'>et</span> <span class='ocrx_word' id='word_1_17' title='bbox 479 893 644 960; x_wconf 86' lang='lat' dir='ltr'>caelestia</span> <span class='ocrx_word' id='word_1_18' title='bbox 672 893 706 958; x_wconf 93' lang='lat' dir='ltr'>in</span> <span class='ocrx_word' id='word_1_19' title='bbox 736 890 879 974; x_wconf 88' lang='lat' dir='ltr'>singulis</span> <span class='ocrx_word' id='word_1_20' title='bbox 909 887 1063 970; x_wconf 71' lang='lat' dir='ltr'>objectis,</span> <span class='ocrx_word' id='word_1_21' title='bbox 1088 898 1123 958; x_wconf 88' lang='lat' dir='ltr'>et</span> <span class='ocrx_word' id='word_1_22' title='bbox 1154 888 1322 952; x_wconf 86' lang='lat' dir='ltr'>mirabilia</span> <span class='ocrx_word' id='word_1_23' title='bbox 1352 890 1386 951; x_wconf 91' lang='lat' dir='ltr'>in</span> 
     </span>
     <span class='ocr_line' id='line_1_4' title="bbox 264 983 1387 1075; baseline -0.01 -19"><span class='ocrx_word' id='word_1_24' title='bbox 264 991 353 1056; x_wconf 85' lang='lat' dir='ltr'>serie</span> <span class='ocrx_word' id='word_1_25' title='bbox 376 989 543 1075; x_wconf 88' lang='lat' dir='ltr'>plurium;</span> <span class='ocrx_word' id='word_1_26' title='bbox 576 1006 655 1052; x_wconf 86' lang='lat' dir='ltr'>narn</span> <span class='ocrx_word' id='word_1_27' title='bbox 685 987 802 1052; x_wconf 91' lang='lat' dir='ltr'>omnia</span> <span class='ocrx_word' id='word_1_28' title='bbox 833 1007 920 1069; x_wconf 90' lang='lat' dir='ltr'>quae</span> <span class='ocrx_word' id='word_1_29' title='bbox 946 993 1115 1068; x_wconf 84' lang='lat' dir='ltr'>apparent</span> <span class='ocrx_word' id='word_1_30' title='bbox 1138 1003 1254 1049; x_wconf 83' lang='lat' dir='ltr'>coram</span> <span class='ocrx_word' id='word_1_31' title='bbox 1278 983 1387 1048; x_wconf 92' lang='lat' dir='ltr'>oculis</span> 
     </span>
     <span class='ocr_line' id='line_1_5' title="bbox 264 1078 1385 1167; baseline -0.011 -15"><span class='ocrx_word' id='word_1_32' title='bbox 264 1105 393 1162; x_wconf 89' lang='lat' dir='ltr'>eorum,</span> <span class='ocrx_word' id='word_1_33' title='bbox 414 1083 706 1167; x_wconf 81' lang='lat' dir='ltr'>correspondent:</span> <span class='ocrx_word' id='word_1_34' title='bbox 741 1090 778 1146; x_wconf 91' lang='lat' dir='ltr'>ut</span> <span class='ocrx_word' id='word_1_35' title='bbox 802 1099 879 1146; x_wconf 93' lang='lat' dir='ltr'>cum</span> <span class='ocrx_word' id='word_1_36' title='bbox 903 1080 1022 1144; x_wconf 91' lang='lat' dir='ltr'>vident</span> <span class='ocrx_word' id='word_1_37' title='bbox 1041 1078 1171 1164; x_wconf 88' lang='lat' dir='ltr'>palatia</span> <span class='ocrx_word' id='word_1_38' title='bbox 1194 1091 1229 1144; x_wconf 91' lang='lat' dir='ltr'>et</span> <span class='ocrx_word' id='word_1_39' title='bbox 1253 1079 1385 1150; x_wconf 91' lang='lat' dir='ltr'>hortos,</span> 
     </span>
     <span class='ocr_line' id='line_1_6' title="bbox 265 1173 1387 1258; baseline -0.008 -14"><span class='ocrx_word' id='word_1_40' title='bbox 265 1201 334 1245; x_wconf 91' lang='lat' dir='ltr'>non</span> <span class='ocrx_word' id='word_1_41' title='bbox 358 1189 512 1244; x_wconf 90' lang='lat' dir='ltr'>moratur</span> <span class='ocrx_word' id='word_1_42' title='bbox 535 1178 674 1241; x_wconf 84' lang='lat' dir='ltr'>intuitio</span> <span class='ocrx_word' id='word_1_43' title='bbox 697 1196 815 1240; x_wconf 90' lang='lat' dir='ltr'>eorum</span> <span class='ocrx_word' id='word_1_44' title='bbox 842 1177 876 1238; x_wconf 91' lang='lat' dir='ltr'>in</span> <span class='ocrx_word' id='word_1_45' title='bbox 900 1175 1027 1240; x_wconf 90' lang='lat' dir='ltr'>talibus</span> <span class='ocrx_word' id='word_1_46' title='bbox 1050 1195 1137 1258; x_wconf 89' lang='lat' dir='ltr'>quae</span> <span class='ocrx_word' id='word_1_47' title='bbox 1161 1183 1243 1239; x_wconf 87' lang='lat' dir='ltr'>ante</span> <span class='ocrx_word' id='word_1_48' title='bbox 1267 1173 1387 1236; x_wconf 90' lang='lat' dir='ltr'>oculos</span> 
     </span>
     <span class='ocr_line' id='line_1_7' title="bbox 263 1270 1385 1354; baseline -0.008 -14"><span class='ocrx_word' id='word_1_49' title='bbox 263 1286 355 1352; x_wconf 91' lang='lat' dir='ltr'>sunt,</span> <span class='ocrx_word' id='word_1_50' title='bbox 372 1275 412 1338; x_wconf 92' lang='lat' dir='ltr'>sd</span> <span class='ocrx_word' id='word_1_51' title='bbox 432 1275 552 1352; x_wconf 86' lang='lat' dir='ltr'>vident</span> <span class='ocrx_word' id='word_1_52' title='bbox 572 1273 736 1336; x_wconf 91' lang='lat' dir='ltr'>interiora</span> <span class='ocrx_word' id='word_1_53' title='bbox 754 1293 799 1336; x_wconf 90' lang='lat' dir='ltr'>ex</span> <span class='ocrx_word' id='word_1_54' title='bbox 823 1271 955 1354; x_wconf 85' lang='lat' dir='ltr'>quibus,</span> <span class='ocrx_word' id='word_1_55' title='bbox 976 1271 1025 1334; x_wconf 87' lang='lat' dir='ltr'>ita</span> <span class='ocrx_word' id='word_1_56' title='bbox 1043 1270 1163 1352; x_wconf 86' lang='lat' dir='ltr'>quibus</span> <span class='ocrx_word' id='word_1_57' title='bbox 1183 1289 1385 1351; x_wconf 87' lang='lat' dir='ltr'>correspon-</span> 
     </span>
     <span class='ocr_line' id='line_1_8' title="bbox 265 1362 1387 1447; baseline -0.007 -13"><span class='ocrx_word' id='word_1_58' title='bbox 265 1373 370 1447; x_wconf 86' lang='lat' dir='ltr'>dent;</span> <span class='ocrx_word' id='word_1_59' title='bbox 401 1379 436 1434; x_wconf 89' lang='lat' dir='ltr'>et</span> <span class='ocrx_word' id='word_1_60' title='bbox 466 1367 527 1432; x_wconf 87' lang='lat' dir='ltr'>illa</span> <span class='ocrx_word' id='word_1_61' title='bbox 553 1387 630 1430; x_wconf 90' lang='lat' dir='ltr'>curn</span> <span class='ocrx_word' id='word_1_62' title='bbox 654 1367 748 1430; x_wconf 89' lang='lat' dir='ltr'>omni</span> <span class='ocrx_word' id='word_1_63' title='bbox 770 1368 939 1430; x_wconf 89' lang='lat' dir='ltr'>varietate</span> <span class='ocrx_word' id='word_1_64' title='bbox 963 1365 1151 1430; x_wconf 87' lang='lat' dir='ltr'>secundum</span> <span class='ocrx_word' id='word_1_65' title='bbox 1175 1362 1387 1446; x_wconf 62' lang='lat' dir='ltr'>objectorum</span> 
     </span>
     <span class='ocr_line' id='line_1_9' title="bbox 263 1460 1387 1540; baseline -0.009 -10"><span class='ocrx_word' id='word_1_66' title='bbox 263 1465 397 1540; x_wconf 85' lang='lat' dir='ltr'>faciem,</span> <span class='ocrx_word' id='word_1_67' title='bbox 422 1465 469 1528; x_wconf 88' lang='lat' dir='ltr'>ita</span> <span class='ocrx_word' id='word_1_68' title='bbox 496 1461 595 1526; x_wconf 90' lang='lat' dir='ltr'>simul</span> <span class='ocrx_word' id='word_1_69' title='bbox 619 1460 882 1526; x_wconf 86' lang='lat' dir='ltr'>innumerabilia</span> <span class='ocrx_word' id='word_1_70' title='bbox 908 1461 941 1526; x_wconf 93' lang='lat' dir='ltr'>in</span> <span class='ocrx_word' id='word_1_71' title='bbox 969 1461 1089 1524; x_wconf 88' lang='lat' dir='ltr'>ordine</span> <span class='ocrx_word' id='word_1_72' title='bbox 1113 1469 1148 1524; x_wconf 89' lang='lat' dir='ltr'>et</span> <span class='ocrx_word' id='word_1_73' title='bbox 1176 1479 1279 1532; x_wconf 89' lang='lat' dir='ltr'>nexu,</span> <span class='ocrx_word' id='word_1_74' title='bbox 1300 1479 1387 1540; x_wconf 89' lang='lat' dir='ltr'>quae</span> 
     </span>
     <span class='ocr_line' id='line_1_10' title="bbox 262 1554 1385 1640; baseline -0.009 -16"><span class='ocrx_word' id='word_1_75' title='bbox 262 1571 345 1624; x_wconf 91' lang='lat' dir='ltr'>tunc</span> <span class='ocrx_word' id='word_1_76' title='bbox 362 1561 409 1624; x_wconf 91' lang='lat' dir='ltr'>ita</span> <span class='ocrx_word' id='word_1_77' title='bbox 422 1557 612 1640; x_wconf 86' lang='lat' dir='ltr'>jucundant</span> <span class='ocrx_word' id='word_1_78' title='bbox 627 1567 762 1620; x_wconf 85' lang='lat' dir='ltr'>mentes</span> <span class='ocrx_word' id='word_1_79' title='bbox 775 1576 903 1630; x_wconf 91' lang='lat' dir='ltr'>eorum,</span> <span class='ocrx_word' id='word_1_80' title='bbox 918 1567 955 1619; x_wconf 91' lang='lat' dir='ltr'>ut</span> <span class='ocrx_word' id='word_1_81' title='bbox 968 1556 1151 1619; x_wconf 89' lang='lat' dir='ltr'>videantur</span> <span class='ocrx_word' id='word_1_82' title='bbox 1163 1554 1285 1620; x_wconf 81' lang='lat' dir='ltr'>auferri</span> <span class='ocrx_word' id='word_1_83' title='bbox 1302 1574 1322 1617; x_wconf 93' lang='lat' dir='ltr'>a</span> <span class='ocrx_word' id='word_1_84' title='bbox 1338 1575 1385 1618; x_wconf 90' lang='lat' dir='ltr'>se.</span> 
     </span>
     <span class='ocr_line' id='line_1_11' title="bbox 263 1649 1385 1737; baseline -0.007 -18"><span class='ocrx_word' id='word_1_85' title='bbox 263 1653 488 1737; x_wconf 88' lang='lat' dir='ltr'>Quodomnia</span> <span class='ocrx_word' id='word_1_86' title='bbox 498 1674 584 1737; x_wconf 87' lang='lat' dir='ltr'>quae</span> <span class='ocrx_word' id='word_1_87' title='bbox 597 1653 630 1719; x_wconf 90' lang='lat' dir='ltr'>in</span> <span class='ocrx_word' id='word_1_88' title='bbox 642 1651 747 1716; x_wconf 88' lang='lat' dir='ltr'>caelis</span> <span class='ocrx_word' id='word_1_89' title='bbox 758 1661 938 1736; x_wconf 86' lang='lat' dir='ltr'>apparent,</span> <span class='ocrx_word' id='word_1_90' title='bbox 949 1651 1243 1734; x_wconf 86' lang='lat' dir='ltr'>correspondeant</span> <span class='ocrx_word' id='word_1_91' title='bbox 1253 1649 1385 1714; x_wconf 89' lang='lat' dir='ltr'>Divinis</span> 
     </span>
     <span class='ocr_line' id='line_1_12' title="bbox 262 1745 1368 1835; baseline -0.006 -21"><span class='ocrx_word' id='word_1_92' title='bbox 262 1771 350 1835; x_wconf 90' lang='lat' dir='ltr'>quae</span> <span class='ocrx_word' id='word_1_93' title='bbox 365 1770 385 1813; x_wconf 92' lang='lat' dir='ltr'>a</span> <span class='ocrx_word' id='word_1_94' title='bbox 402 1750 552 1814; x_wconf 93' lang='lat' dir='ltr'>Domino</span> <span class='ocrx_word' id='word_1_95' title='bbox 567 1749 657 1830; x_wconf 91' lang='lat' dir='ltr'>apud</span> <span class='ocrx_word' id='word_1_96' title='bbox 674 1748 829 1830; x_wconf 75' lang='lat' dir='ltr'>angelos,</span> <span class='ocrx_word' id='word_1_97' title='bbox 844 1747 1001 1812; x_wconf 88' lang='lat' dir='ltr'>videatur</span> <span class='ocrx_word' id='word_1_98' title='bbox 1017 1767 1118 1828; x_wconf 89' lang='lat' dir='ltr'>supra</span> <span class='ocrx_word' id='word_1_99' title='bbox 1136 1745 1184 1827; x_wconf 89' lang='lat' dir='ltr'>(n.</span> <span class='ocrx_word' id='word_1_100' title='bbox 1197 1745 1368 1828; x_wconf 82' lang='lat'>170-176).</span> 
     </span>
    </p>

    <p class='ocr_par' dir='ltr' id='par_1_3' title="bbox 262 1841 1464 4115">
     <span class='ocr_line' id='line_1_13' title="bbox 323 1841 1386 1929; baseline -0.006 -19"><span class='ocrx_word' id='word_1_101' title='bbox 323 1859 412 1929; x_wconf 74' lang='lat'>²71.</span> <span class='ocrx_word' id='word_1_102' title='bbox 444 1842 546 1926; x_wconf 87' lang='lat' dir='ltr'>Quod</span> <span class='ocrx_word' id='word_1_103' title='bbox 569 1841 684 1926; x_wconf 81' lang='lat' dir='ltr'>angeli</span> <span class='ocrx_word' id='word_1_104' title='bbox 708 1843 802 1907; x_wconf 89' lang='lat' dir='ltr'>tertii</span> <span class='ocrx_word' id='word_1_105' title='bbox 825 1841 913 1906; x_wconf 89' lang='lat' dir='ltr'>caeli</span> <span class='ocrx_word' id='word_1_106' title='bbox 944 1841 1033 1906; x_wconf 86' lang='lat' dir='ltr'>tales</span> <span class='ocrx_word' id='word_1_107' title='bbox 1057 1843 1135 1914; x_wconf 88' lang='lat' dir='ltr'>sint,</span> <span class='ocrx_word' id='word_1_108' title='bbox 1159 1852 1214 1906; x_wconf 90' lang='lat' dir='ltr'>est</span> <span class='ocrx_word' id='word_1_109' title='bbox 1245 1842 1323 1924; x_wconf 83' lang='lat' dir='ltr'>quia</span> <span class='ocrx_word' id='word_1_110' title='bbox 1352 1841 1386 1904; x_wconf 94' lang='lat' dir='ltr'>in</span> 
     </span>
     <span class='ocr_line' id='line_1_14' title="bbox 264 1938 1386 2020; baseline -0.008 -11"><span class='ocrx_word' id='word_1_111' title='bbox 264 1960 380 2009; x_wconf 88' lang='lat' dir='ltr'>amore</span> <span class='ocrx_word' id='word_1_112' title='bbox 395 1941 429 2004; x_wconf 92' lang='lat' dir='ltr'>in</span> <span class='ocrx_word' id='word_1_113' title='bbox 448 1939 634 2006; x_wconf 91' lang='lat' dir='ltr'>Dominum</span> <span class='ocrx_word' id='word_1_114' title='bbox 651 1949 742 2016; x_wconf 87' lang='lat' dir='ltr'>sunt,</span> <span class='ocrx_word' id='word_1_115' title='bbox 757 1949 793 2004; x_wconf 87' lang='lat' dir='ltr'>et</span> <span class='ocrx_word' id='word_1_116' title='bbox 808 1938 866 2004; x_wconf 89' lang='lat' dir='ltr'>ille</span> <span class='ocrx_word' id='word_1_117' title='bbox 883 1959 979 2002; x_wconf 90' lang='lat' dir='ltr'>amor</span> <span class='ocrx_word' id='word_1_118' title='bbox 991 1941 1102 2020; x_wconf 88' lang='lat' dir='ltr'>aperit</span> <span class='ocrx_word' id='word_1_119' title='bbox 1120 1939 1284 2002; x_wconf 89' lang='lat' dir='ltr'>interiora</span> <span class='ocrx_word' id='word_1_120' title='bbox 1300 1957 1386 2020; x_wconf 87' lang='lat' dir='ltr'>quae</span> 
     </span>
     <span class='ocr_line' id='line_1_15' title="bbox 263 2032 1384 2116; baseline -0.004 -16"><span class='ocrx_word' id='word_1_121' title='bbox 263 2037 388 2100; x_wconf 87' lang='lat' dir='ltr'>mentis</span> <span class='ocrx_word' id='word_1_122' title='bbox 407 2045 486 2098; x_wconf 93' lang='lat' dir='ltr'>sunt</span> <span class='ocrx_word' id='word_1_123' title='bbox 505 2035 548 2098; x_wconf 88' lang='lat' dir='ltr'>ad</span> <span class='ocrx_word' id='word_1_124' title='bbox 568 2035 709 2099; x_wconf 91' lang='lat' dir='ltr'>tertium</span> <span class='ocrx_word' id='word_1_125' title='bbox 729 2035 885 2116; x_wconf 85' lang='lat' dir='ltr'>gradum,</span> <span class='ocrx_word' id='word_1_126' title='bbox 903 2043 939 2098; x_wconf 94' lang='lat' dir='ltr'>et</span> <span class='ocrx_word' id='word_1_127' title='bbox 958 2043 1013 2098; x_wconf 89' lang='lat' dir='ltr'>est</span> <span class='ocrx_word' id='word_1_128' title='bbox 1032 2032 1289 2114; x_wconf 90' lang='lat' dir='ltr'>receptaculum</span> <span class='ocrx_word' id='word_1_129' title='bbox 1309 2049 1384 2096; x_wconf 88' lang='lat' dir='ltr'>om·</span> 
     </span>
     <span class='ocr_line' id='line_1_16' title="bbox 264 2127 1386 2212; baseline -0.004 -18"><span class='ocrx_word' id='word_1_130' title='bbox 264 2132 355 2196; x_wconf 90' lang='lat' dir='ltr'>nium</span> <span class='ocrx_word' id='word_1_131' title='bbox 375 2131 576 2212; x_wconf 87' lang='lat' dir='ltr'>sapientiae.</span> <span class='ocrx_word' id='word_1_132' title='bbox 622 2130 726 2194; x_wconf 90' lang='lat' dir='ltr'>Porro</span> <span class='ocrx_word' id='word_1_133' title='bbox 745 2129 922 2212; x_wconf 81' lang='lat' dir='ltr'>sciendum</span> <span class='ocrx_word' id='word_1_134' title='bbox 942 2139 1008 2203; x_wconf 92' lang='lat' dir='ltr'>est,</span> <span class='ocrx_word' id='word_1_135' title='bbox 1029 2130 1120 2212; x_wconf 92' lang='lat' dir='ltr'>quod</span> <span class='ocrx_word' id='word_1_136' title='bbox 1139 2128 1255 2210; x_wconf 84' lang='lat' dir='ltr'>angeli</span> <span class='ocrx_word' id='word_1_137' title='bbox 1275 2127 1386 2192; x_wconf 93' lang='lat' dir='ltr'>intimi</span> 
     </span>
     <span class='ocr_line' id='line_1_17' title="bbox 262 2221 1386 2307; baseline -0.003 -18"><span class='ocrx_word' id='word_1_138' title='bbox 262 2225 348 2290; x_wconf 90' lang='lat' dir='ltr'>caeli</span> <span class='ocrx_word' id='word_1_139' title='bbox 367 2245 473 2306; x_wconf 87' lang='lat' dir='ltr'>usque</span> <span class='ocrx_word' id='word_1_140' title='bbox 492 2226 655 2288; x_wconf 91' lang='lat' dir='ltr'>continue</span> <span class='ocrx_word' id='word_1_141' title='bbox 675 2221 892 2307; x_wconf 86' lang='lat' dir='ltr'>perficiantur</span> <span class='ocrx_word' id='word_1_142' title='bbox 908 2225 1089 2306; x_wconf 85' lang='lat' dir='ltr'>sapientia,</span> <span class='ocrx_word' id='word_1_143' title='bbox 1110 2233 1146 2287; x_wconf 93' lang='lat' dir='ltr'>et</span> <span class='ocrx_word' id='word_1_144' title='bbox 1166 2223 1231 2288; x_wconf 92' lang='lat' dir='ltr'>hoc</span> <span class='ocrx_word' id='word_1_145' title='bbox 1252 2243 1386 2305; x_wconf 89' lang='lat' dir='ltr'>quoque</span> 
     </span>
     <span class='ocr_line' id='line_1_18' title="bbox 262 2318 1387 2403; baseline -0.004 -17"><span class='ocrx_word' id='word_1_146' title='bbox 262 2321 362 2386; x_wconf 90' lang='lat' dir='ltr'>aliter</span> <span class='ocrx_word' id='word_1_147' title='bbox 377 2339 479 2403; x_wconf 91' lang='lat' dir='ltr'>quam</span> <span class='ocrx_word' id='word_1_148' title='bbox 492 2319 607 2402; x_wconf 89' lang='lat' dir='ltr'>angeli</span> <span class='ocrx_word' id='word_1_149' title='bbox 620 2319 731 2384; x_wconf 88' lang='lat' dir='ltr'>ultimi</span> <span class='ocrx_word' id='word_1_150' title='bbox 744 2319 842 2384; x_wconf 87' lang='lat' dir='ltr'>caeli.</span> <span class='ocrx_word' id='word_1_151' title='bbox 888 2318 1017 2402; x_wconf 86' lang='lat' dir='ltr'>Angeli</span> <span class='ocrx_word' id='word_1_152' title='bbox 1034 2321 1145 2384; x_wconf 91' lang='lat' dir='ltr'>intimi</span> <span class='ocrx_word' id='word_1_153' title='bbox 1158 2318 1244 2382; x_wconf 90' lang='lat' dir='ltr'>caeli</span> <span class='ocrx_word' id='word_1_154' title='bbox 1262 2318 1387 2382; x_wconf 88' lang='lat' dir='ltr'>Divina</span> 
     </span>
     <span class='ocr_line' id='line_1_19' title="bbox 262 2415 1385 2499; baseline -0.001 -20"><span class='ocrx_word' id='word_1_155' title='bbox 262 2435 343 2479; x_wconf 90' lang='lat' dir='ltr'>vera</span> <span class='ocrx_word' id='word_1_156' title='bbox 359 2435 427 2478; x_wconf 92' lang='lat' dir='ltr'>non</span> <span class='ocrx_word' id='word_1_157' title='bbox 443 2424 614 2499; x_wconf 91' lang='lat' dir='ltr'>reponunt</span> <span class='ocrx_word' id='word_1_158' title='bbox 635 2415 668 2478; x_wconf 91' lang='lat' dir='ltr'>in</span> <span class='ocrx_word' id='word_1_159' title='bbox 689 2415 864 2488; x_wconf 85' lang='lat' dir='ltr'>memoria,</span> <span class='ocrx_word' id='word_1_160' title='bbox 882 2415 932 2478; x_wconf 89' lang='lat' dir='ltr'>ita</span> <span class='ocrx_word' id='word_1_161' title='bbox 947 2435 1010 2478; x_wconf 91' lang='lat' dir='ltr'>nec</span> <span class='ocrx_word' id='word_1_162' title='bbox 1027 2415 1156 2478; x_wconf 83' lang='lat' dir='ltr'>iaciunt</span> <span class='ocrx_word' id='word_1_163' title='bbox 1176 2435 1221 2478; x_wconf 88' lang='lat' dir='ltr'>ex</span> <span class='ocrx_word' id='word_1_164' title='bbox 1241 2415 1307 2478; x_wconf 92' lang='lat' dir='ltr'>illis</span> <span class='ocrx_word' id='word_1_165' title='bbox 1323 2415 1385 2480; x_wconf 87' lang='lat' dir='ltr'>ali·</span> 
     </span>
     <span class='ocr_line' id='line_1_20' title="bbox 262 2509 1384 2594; baseline 0 -20"><span class='ocrx_word' id='word_1_166' title='bbox 262 2529 363 2594; x_wconf 91' lang='lat' dir='ltr'>quam</span> <span class='ocrx_word' id='word_1_167' title='bbox 379 2511 570 2587; x_wconf 89' lang='lat' dir='ltr'>scientiam,</span> <span class='ocrx_word' id='word_1_168' title='bbox 587 2511 648 2574; x_wconf 88' lang='lat' dir='ltr'>sed</span> <span class='ocrx_word' id='word_1_169' title='bbox 664 2511 783 2574; x_wconf 88' lang='lat' dir='ltr'>statim</span> <span class='ocrx_word' id='word_1_170' title='bbox 801 2520 838 2574; x_wconf 91' lang='lat' dir='ltr'>ut</span> <span class='ocrx_word' id='word_1_171' title='bbox 856 2511 999 2574; x_wconf 88' lang='lat' dir='ltr'>audiunt</span> <span class='ocrx_word' id='word_1_172' title='bbox 1016 2509 1086 2584; x_wconf 91' lang='lat' dir='ltr'>illa,</span> <span class='ocrx_word' id='word_1_173' title='bbox 1104 2511 1294 2594; x_wconf 91' lang='lat' dir='ltr'>percipiunt</span> <span class='ocrx_word' id='word_1_174' title='bbox 1314 2511 1384 2586; x_wconf 91' lang='lat' dir='ltr'>illa,</span> 
     </span>
     <span class='ocr_line' id='line_1_21' title="bbox 263 2604 1464 2688; baseline 0.002 -20"><span class='ocrx_word' id='word_1_175' title='bbox 263 2615 298 2670; x_wconf 91' lang='lat' dir='ltr'>et</span> <span class='ocrx_word' id='word_1_176' title='bbox 321 2606 466 2670; x_wconf 89' lang='lat' dir='ltr'>mittunt</span> <span class='ocrx_word' id='word_1_177' title='bbox 489 2606 523 2668; x_wconf 93' lang='lat' dir='ltr'>in</span> <span class='ocrx_word' id='word_1_178' title='bbox 547 2607 676 2686; x_wconf 89' lang='lat' dir='ltr'>vitam;</span> <span class='ocrx_word' id='word_1_179' title='bbox 707 2606 786 2669; x_wconf 91' lang='lat' dir='ltr'>inde</span> <span class='ocrx_word' id='word_1_180' title='bbox 810 2615 864 2670; x_wconf 91' lang='lat' dir='ltr'>est</span> <span class='ocrx_word' id='word_1_181' title='bbox 888 2605 979 2688; x_wconf 90' lang='lat' dir='ltr'>quod</span> <span class='ocrx_word' id='word_1_182' title='bbox 999 2604 1124 2670; x_wconf 91' lang='lat' dir='ltr'>Divina</span> <span class='ocrx_word' id='word_1_183' title='bbox 1146 2627 1228 2668; x_wconf 91' lang='lat' dir='ltr'>vera</span> <span class='ocrx_word' id='word_1_184' title='bbox 1251 2625 1385 2688; x_wconf 89' lang='lat' dir='ltr'>perma-</span> <span class='ocrx_word' id='word_1_185' title='bbox 1461 2675 1464 2680; x_wconf 66' lang='grc'><strong>,</strong></span> 
     </span>
     <span class='ocr_line' id='line_1_22' title="bbox 265 2699 1385 2784; baseline 0.005 -22"><span class='ocrx_word' id='word_1_186' title='bbox 265 2709 376 2764; x_wconf 89' lang='lat' dir='ltr'>neant·</span> <span class='ocrx_word' id='word_1_187' title='bbox 390 2700 480 2782; x_wconf 90' lang='lat' dir='ltr'>apud</span> <span class='ocrx_word' id='word_1_188' title='bbox 504 2699 582 2764; x_wconf 89' lang='lat' dir='ltr'>illos</span> <span class='ocrx_word' id='word_1_189' title='bbox 601 2702 689 2766; x_wconf 90' lang='lat' dir='ltr'>sicut</span> <span class='ocrx_word' id='word_1_190' title='bbox 709 2702 884 2783; x_wconf 91' lang='lat' dir='ltr'>inscripta,</span> <span class='ocrx_word' id='word_1_191' title='bbox 905 2701 996 2784; x_wconf 91' lang='lat' dir='ltr'>quod</span> <span class='ocrx_word' id='word_1_192' title='bbox 1015 2703 1106 2764; x_wconf 91' lang='lat' dir='ltr'>enim</span> <span class='ocrx_word' id='word_1_193' title='bbox 1126 2703 1218 2766; x_wconf 86' lang='lat' dir='ltr'>vitae</span> <span class='ocrx_word' id='word_1_194' title='bbox 1243 2702 1385 2768; x_wconf 87' lang='lat' dir='ltr'>manda-</span> 
     </span>
     <span class='ocr_line' id='line_1_23' title="bbox 263 2793 1386 2878; baseline 0.002 -20"><span class='ocrx_word' id='word_1_195' title='bbox 263 2804 328 2868; x_wconf 91' lang='lat' dir='ltr'>tur,</span> <span class='ocrx_word' id='word_1_196' title='bbox 354 2793 471 2859; x_wconf 87' lang='lat' dir='ltr'>taliter</span> <span class='ocrx_word' id='word_1_197' title='bbox 493 2796 595 2860; x_wconf 87' lang='lat' dir='ltr'>inest.</span> <span class='ocrx_word' id='word_1_198' title='bbox 640 2795 757 2860; x_wconf 90' lang='lat' dir='ltr'>Aliter</span> <span class='ocrx_word' id='word_1_199' title='bbox 779 2817 861 2859; x_wconf 89' lang='lat' dir='ltr'>vero</span> <span class='ocrx_word' id='word_1_200' title='bbox 884 2815 938 2860; x_wconf 88' lang='lat' dir='ltr'>res</span> <span class='ocrx_word' id='word_1_201' title='bbox 961 2817 998 2860; x_wconf 91' lang='lat' dir='ltr'>se</span> <span class='ocrx_word' id='word_1_202' title='bbox 1021 2795 1127 2860; x_wconf 90' lang='lat' dir='ltr'>habet</span> <span class='ocrx_word' id='word_1_203' title='bbox 1151 2817 1228 2860; x_wconf 86' lang='lat' dir='ltr'>curn</span> <span class='ocrx_word' id='word_1_204' title='bbox 1252 2797 1386 2878; x_wconf 83' lang='lat' dir='ltr'>angelis</span> 
     </span>
     <span class='ocr_line' id='line_1_24' title="bbox 265 2889 1386 2974; baseline 0.004 -22"><span class='ocrx_word' id='word_1_205' title='bbox 265 2889 375 2954; x_wconf 91' lang='lat' dir='ltr'>ultimi</span> <span class='ocrx_word' id='word_1_206' title='bbox 394 2891 501 2968; x_wconf 88' lang='lat' dir='ltr'>caeli;</span> <span class='ocrx_word' id='word_1_207' title='bbox 525 2891 574 2954; x_wconf 93' lang='lat' dir='ltr'>illi</span> <span class='ocrx_word' id='word_1_208' title='bbox 594 2889 719 2954; x_wconf 89' lang='lat' dir='ltr'>Divina</span> <span class='ocrx_word' id='word_1_209' title='bbox 737 2911 818 2956; x_wconf 88' lang='lat' dir='ltr'>vera</span> <span class='ocrx_word' id='word_1_210' title='bbox 838 2891 983 2974; x_wconf 90' lang='lat' dir='ltr'>primurn</span> <span class='ocrx_word' id='word_1_211' title='bbox 1003 2903 1174 2973; x_wconf 91' lang='lat' dir='ltr'>reponunt</span> <span class='ocrx_word' id='word_1_212' title='bbox 1197 2893 1231 2954; x_wconf 91' lang='lat' dir='ltr'>in</span> <span class='ocrx_word' id='word_1_213' title='bbox 1255 2911 1386 2956; x_wconf 91' lang='lat' dir='ltr'>memo·</span> 
     </span>
     <span class='ocr_line' id='line_1_25' title="bbox 263 2986 1387 3070; baseline 0.002 -22"><span class='ocrx_word' id='word_1_214' title='bbox 263 2987 323 3060; x_wconf 91' lang='lat' dir='ltr'>ria,</span> <span class='ocrx_word' id='word_1_215' title='bbox 344 3003 384 3048; x_wconf 87' lang='lat' dir='ltr'>ac</span> <span class='ocrx_word' id='word_1_216' title='bbox 408 2986 602 3048; x_wconf 90' lang='lat' dir='ltr'>recondunt</span> <span class='ocrx_word' id='word_1_217' title='bbox 625 2987 659 3050; x_wconf 91' lang='lat' dir='ltr'>in</span> <span class='ocrx_word' id='word_1_218' title='bbox 683 2987 837 3060; x_wconf 90' lang='lat' dir='ltr'>scientia,</span> <span class='ocrx_word' id='word_1_219' title='bbox 862 2997 897 3050; x_wconf 87' lang='lat' dir='ltr'>et</span> <span class='ocrx_word' id='word_1_220' title='bbox 921 2987 1001 3052; x_wconf 89' lang='lat' dir='ltr'>inde</span> <span class='ocrx_word' id='word_1_221' title='bbox 1024 2989 1231 3070; x_wconf 90' lang='lat' dir='ltr'>depromunt</span> <span class='ocrx_word' id='word_1_222' title='bbox 1255 2987 1326 3062; x_wconf 91' lang='lat' dir='ltr'>illa,</span> <span class='ocrx_word' id='word_1_223' title='bbox 1350 2999 1387 3052; x_wconf 92' lang='lat' dir='ltr'>et</span> 
     </span>
     <span class='ocr_line' id='line_1_26' title="bbox 263 3078 1386 3164; baseline 0.002 -20"><span class='ocrx_word' id='word_1_224' title='bbox 263 3079 442 3162; x_wconf 88' lang='lat' dir='ltr'>perficiunt</span> <span class='ocrx_word' id='word_1_225' title='bbox 455 3078 672 3144; x_wconf 67' lang='lat' dir='ltr'>intelledtum</span> <span class='ocrx_word' id='word_1_226' title='bbox 689 3101 785 3146; x_wconf 90' lang='lat' dir='ltr'>suum</span> <span class='ocrx_word' id='word_1_227' title='bbox 803 3103 863 3164; x_wconf 90' lang='lat' dir='ltr'>per</span> <span class='ocrx_word' id='word_1_228' title='bbox 879 3081 949 3156; x_wconf 91' lang='lat' dir='ltr'>illa,</span> <span class='ocrx_word' id='word_1_229' title='bbox 967 3091 1003 3146; x_wconf 92' lang='lat' dir='ltr'>et</span> <span class='ocrx_word' id='word_1_230' title='bbox 1020 3083 1149 3164; x_wconf 90' lang='lat' dir='ltr'>absque</span> <span class='ocrx_word' id='word_1_231' title='bbox 1163 3083 1386 3164; x_wconf 90' lang='lat' dir='ltr'>perceptione</span> 
     </span>
     <span class='ocr_line' id='line_1_27' title="bbox 264 3175 1384 3251; baseline 0.001 -13"><span class='ocrx_word' id='word_1_232' title='bbox 264 3175 427 3240; x_wconf 88' lang='lat' dir='ltr'>interiore</span> <span class='ocrx_word' id='word_1_233' title='bbox 451 3195 531 3240; x_wconf 90' lang='lat' dir='ltr'>num</span> <span class='ocrx_word' id='word_1_234' title='bbox 562 3195 643 3240; x_wconf 88' lang='lat' dir='ltr'>vera</span> <span class='ocrx_word' id='word_1_235' title='bbox 669 3177 749 3250; x_wconf 88' lang='lat' dir='ltr'>sint,</span> <span class='ocrx_word' id='word_1_236' title='bbox 774 3177 896 3240; x_wconf 92' lang='lat' dir='ltr'>volunt</span> <span class='ocrx_word' id='word_1_237' title='bbox 923 3175 992 3251; x_wconf 88' lang='lat' dir='ltr'>illa,</span> <span class='ocrx_word' id='word_1_238' title='bbox 1017 3187 1054 3242; x_wconf 93' lang='lat' dir='ltr'>et</span> <span class='ocrx_word' id='word_1_239' title='bbox 1079 3179 1173 3242; x_wconf 88' lang='lat' dir='ltr'>vitae</span> <span class='ocrx_word' id='word_1_240' title='bbox 1197 3179 1384 3242; x_wconf 88' lang='lat' dir='ltr'>mandant:</span> 
     </span>
     <span class='ocr_line' id='line_1_28' title="bbox 263 3269 1385 3355; baseline 0.004 -23"><span class='ocrx_word' id='word_1_241' title='bbox 263 3271 342 3334; x_wconf 90' lang='lat' dir='ltr'>inde</span> <span class='ocrx_word' id='word_1_242' title='bbox 355 3269 423 3334; x_wconf 88' lang='lat' dir='ltr'>illis</span> <span class='ocrx_word' id='word_1_243' title='bbox 436 3271 616 3334; x_wconf 90' lang='lat' dir='ltr'>obscurum</span> <span class='ocrx_word' id='word_1_244' title='bbox 633 3280 688 3334; x_wconf 84' lang='lat' dir='ltr'>est</span> <span class='ocrx_word' id='word_1_245' title='bbox 702 3269 904 3352; x_wconf 64' lang='lat' dir='ltr'>respective.</span> <span class='ocrx_word' id='word_1_246' title='bbox 950 3271 1146 3336; x_wconf 83' lang='lat' dir='ltr'>Memorato</span> <span class='ocrx_word' id='word_1_247' title='bbox 1159 3274 1301 3355; x_wconf 88' lang='lat' dir='ltr'>dignum</span> <span class='ocrx_word' id='word_1_248' title='bbox 1319 3283 1385 3346; x_wconf 89' lang='lat' dir='ltr'>est,</span> 
     </span>
     <span class='ocr_line' id='line_1_29' title="bbox 265 3365 1385 3450; baseline 0.003 -22"><span class='ocrx_word' id='word_1_249' title='bbox 265 3365 356 3448; x_wconf 94' lang='lat' dir='ltr'>quod</span> <span class='ocrx_word' id='word_1_250' title='bbox 375 3365 490 3448; x_wconf 82' lang='lat' dir='ltr'>angeli</span> <span class='ocrx_word' id='word_1_251' title='bbox 507 3367 600 3430; x_wconf 89' lang='lat' dir='ltr'>tertii</span> <span class='ocrx_word' id='word_1_252' title='bbox 619 3365 706 3430; x_wconf 88' lang='lat' dir='ltr'>caeli</span> <span class='ocrx_word' id='word_1_253' title='bbox 725 3365 944 3448; x_wconf 87' lang='lat' dir='ltr'>perficiantur</span> <span class='ocrx_word' id='word_1_254' title='bbox 961 3370 1129 3450; x_wconf 89' lang='lat' dir='ltr'>sapientia</span> <span class='ocrx_word' id='word_1_255' title='bbox 1145 3389 1205 3450; x_wconf 87' lang='lat' dir='ltr'>per</span> <span class='ocrx_word' id='word_1_256' title='bbox 1220 3369 1385 3443; x_wconf 91' lang='lat' dir='ltr'>auditum,</span> 
     </span>
     <span class='ocr_line' id='line_1_30' title="bbox 265 3461 1384 3546; baseline 0.003 -23"><span class='ocrx_word' id='word_1_257' title='bbox 265 3481 334 3524; x_wconf 91' lang='lat' dir='ltr'>non</span> <span class='ocrx_word' id='word_1_258' title='bbox 350 3469 466 3524; x_wconf 93' lang='lat' dir='ltr'>autem</span> <span class='ocrx_word' id='word_1_259' title='bbox 487 3481 546 3543; x_wconf 92' lang='lat' dir='ltr'>per</span> <span class='ocrx_word' id='word_1_260' title='bbox 562 3463 692 3540; x_wconf 86' lang='lat' dir='ltr'>visum;</span> <span class='ocrx_word' id='word_1_261' title='bbox 716 3461 776 3524; x_wconf 90' lang='lat' dir='ltr'>illa</span> <span class='ocrx_word' id='word_1_262' title='bbox 792 3483 878 3546; x_wconf 90' lang='lat' dir='ltr'>quae</span> <span class='ocrx_word' id='word_1_263' title='bbox 895 3463 1037 3528; x_wconf 89' lang='lat' dir='ltr'>audiunt</span> <span class='ocrx_word' id='word_1_264' title='bbox 1054 3485 1099 3527; x_wconf 89' lang='lat' dir='ltr'>ex</span> <span class='ocrx_word' id='word_1_265' title='bbox 1116 3464 1384 3546; x_wconf 88' lang='lat' dir='ltr'>praedicatione,</span> 
     </span>
     <span class='ocr_line' id='line_1_31' title="bbox 264 3555 1385 3640; baseline 0.002 -22"><span class='ocrx_word' id='word_1_266' title='bbox 264 3575 332 3620; x_wconf 88' lang='lat' dir='ltr'>non</span> <span class='ocrx_word' id='word_1_267' title='bbox 356 3555 488 3620; x_wconf 89' lang='lat' dir='ltr'>intrant</span> <span class='ocrx_word' id='word_1_268' title='bbox 512 3556 545 3620; x_wconf 92' lang='lat' dir='ltr'>in</span> <span class='ocrx_word' id='word_1_269' title='bbox 569 3558 770 3620; x_wconf 88' lang='lat' dir='ltr'>memoriam</span> <span class='ocrx_word' id='word_1_270' title='bbox 794 3577 923 3630; x_wconf 91' lang='lat' dir='ltr'>eorum,</span> <span class='ocrx_word' id='word_1_271' title='bbox 944 3559 1004 3622; x_wconf 91' lang='lat' dir='ltr'>sed</span> <span class='ocrx_word' id='word_1_272' title='bbox 1029 3559 1227 3621; x_wconf 89' lang='lat' dir='ltr'>immediate</span> <span class='ocrx_word' id='word_1_273' title='bbox 1251 3559 1284 3620; x_wconf 92' lang='lat' dir='ltr'>in</span> <span class='ocrx_word' id='word_1_274' title='bbox 1309 3577 1385 3640; x_wconf 90' lang='lat' dir='ltr'>per-</span> 
     </span>
     <span class='ocr_line' id='line_1_32' title="bbox 264 3651 1385 3736; baseline 0.003 -23"><span class='ocrx_word' id='word_1_275' title='bbox 264 3651 460 3732; x_wconf 91' lang='lat' dir='ltr'>ceptionem</span> <span class='ocrx_word' id='word_1_276' title='bbox 481 3661 516 3714; x_wconf 91' lang='lat' dir='ltr'>et</span> <span class='ocrx_word' id='word_1_277' title='bbox 536 3651 766 3728; x_wconf 89' lang='lat' dir='ltr'>voluntatem,</span> <span class='ocrx_word' id='word_1_278' title='bbox 786 3662 821 3716; x_wconf 90' lang='lat' dir='ltr'>et</span> <span class='ocrx_word' id='word_1_279' title='bbox 841 3651 926 3716; x_wconf 88' lang='lat' dir='ltr'>fiunt</span> <span class='ocrx_word' id='word_1_280' title='bbox 945 3654 1057 3729; x_wconf 90' lang='lat' dir='ltr'>vitae;</span> <span class='ocrx_word' id='word_1_281' title='bbox 1082 3673 1169 3736; x_wconf 91' lang='lat' dir='ltr'>quae</span> <span class='ocrx_word' id='word_1_282' title='bbox 1188 3663 1304 3716; x_wconf 90' lang='lat' dir='ltr'>autem</span> <span class='ocrx_word' id='word_1_283' title='bbox 1323 3673 1385 3716; x_wconf 90' lang='lat' dir='ltr'>an·</span> 
     </span>
     <span class='ocr_line' id='line_1_33' title="bbox 263 3744 1384 3828; baseline 0.003 -19"><span class='ocrx_word' id='word_1_284' title='bbox 263 3745 333 3828; x_wconf 85' lang='lat' dir='ltr'>geli</span> <span class='ocrx_word' id='word_1_285' title='bbox 351 3744 400 3810; x_wconf 93' lang='lat' dir='ltr'>illi</span> <span class='ocrx_word' id='word_1_286' title='bbox 416 3746 535 3812; x_wconf 90' lang='lat' dir='ltr'>vident</span> <span class='ocrx_word' id='word_1_287' title='bbox 552 3746 660 3812; x_wconf 91' lang='lat' dir='ltr'>oculis</span> <span class='ocrx_word' id='word_1_288' title='bbox 676 3748 756 3822; x_wconf 91' lang='lat' dir='ltr'>suis,</span> <span class='ocrx_word' id='word_1_289' title='bbox 774 3767 815 3812; x_wconf 92' lang='lat' dir='ltr'>ea</span> <span class='ocrx_word' id='word_1_290' title='bbox 833 3749 965 3813; x_wconf 89' lang='lat' dir='ltr'>intrant</span> <span class='ocrx_word' id='word_1_291' title='bbox 985 3749 1019 3812; x_wconf 93' lang='lat' dir='ltr'>in</span> <span class='ocrx_word' id='word_1_292' title='bbox 1038 3750 1239 3812; x_wconf 91' lang='lat' dir='ltr'>memoriam</span> <span class='ocrx_word' id='word_1_293' title='bbox 1255 3767 1384 3822; x_wconf 85' lang='lat' dir='ltr'>eorum,</span> 
     </span>
     <span class='ocr_line' id='line_1_34' title="bbox 264 3841 1386 3928; baseline 0.002 -24"><span class='ocrx_word' id='word_1_294' title='bbox 264 3851 300 3904; x_wconf 90' lang='lat' dir='ltr'>et</span> <span class='ocrx_word' id='word_1_295' title='bbox 331 3841 374 3906; x_wconf 90' lang='lat' dir='ltr'>de</span> <span class='ocrx_word' id='word_1_296' title='bbox 397 3841 465 3906; x_wconf 90' lang='lat' dir='ltr'>illis</span> <span class='ocrx_word' id='word_1_297' title='bbox 487 3843 738 3906; x_wconf 86' lang='lat' dir='ltr'>ratiocinantur</span> <span class='ocrx_word' id='word_1_298' title='bbox 759 3852 795 3906; x_wconf 93' lang='lat' dir='ltr'>et</span> <span class='ocrx_word' id='word_1_299' title='bbox 819 3842 1024 3925; x_wconf 90' lang='lat' dir='ltr'>loquuntur;</span> <span class='ocrx_word' id='word_1_300' title='bbox 1056 3845 1135 3907; x_wconf 92' lang='lat' dir='ltr'>inde</span> <span class='ocrx_word' id='word_1_301' title='bbox 1159 3845 1270 3928; x_wconf 88' lang='lat' dir='ltr'>patuit</span> <span class='ocrx_word' id='word_1_302' title='bbox 1294 3845 1386 3926; x_wconf 92' lang='lat' dir='ltr'>quod</span> 
     </span>
     <span class='ocr_line' id='line_1_35' title="bbox 264 3937 1385 4021; baseline 0.004 -23"><span class='ocrx_word' id='word_1_303' title='bbox 264 3937 319 4000; x_wconf 90' lang='lat' dir='ltr'>via</span> <span class='ocrx_word' id='word_1_304' title='bbox 338 3937 474 4000; x_wconf 89' lang='lat' dir='ltr'>auditus</span> <span class='ocrx_word' id='word_1_305' title='bbox 491 3937 535 4000; x_wconf 92' lang='lat' dir='ltr'>sit</span> <span class='ocrx_word' id='word_1_306' title='bbox 554 3937 621 4000; x_wconf 88' lang='lat' dir='ltr'>illis</span> <span class='ocrx_word' id='word_1_307' title='bbox 641 3937 696 4000; x_wconf 89' lang='lat' dir='ltr'>via</span> <span class='ocrx_word' id='word_1_308' title='bbox 712 3937 912 4021; x_wconf 88' lang='lat' dir='ltr'>sapientiae.</span> <span class='ocrx_word' id='word_1_309' title='bbox 958 3937 1036 4002; x_wconf 89' lang='lat' dir='ltr'>Hoc</span> <span class='ocrx_word' id='word_1_310' title='bbox 1053 3958 1188 4021; x_wconf 90' lang='lat' dir='ltr'>quoque</span> <span class='ocrx_word' id='word_1_311' title='bbox 1207 3959 1252 4002; x_wconf 86' lang='lat' dir='ltr'>ex</span> <span class='ocrx_word' id='word_1_312' title='bbox 1271 3957 1385 4002; x_wconf 89' lang='lat' dir='ltr'>corre·</span> 
     </span>
     <span class='ocr_line' id='line_1_36' title="bbox 264 4032 1386 4115; baseline 0.004 -22"><span class='ocrx_word' id='word_1_313' title='bbox 264 4032 484 4112; x_wconf 86' lang='lat' dir='ltr'>spondentia,</span> <span class='ocrx_word' id='word_1_314' title='bbox 505 4051 584 4096; x_wconf 90' lang='lat' dir='ltr'>nam</span> <span class='ocrx_word' id='word_1_315' title='bbox 607 4033 696 4096; x_wconf 87' lang='lat' dir='ltr'>auris</span> <span class='ocrx_word' id='word_1_316' title='bbox 720 4035 970 4115; x_wconf 88' lang='lat' dir='ltr'>correspondet</span> <span class='ocrx_word' id='word_1_317' title='bbox 993 4035 1223 4110; x_wconf 86' lang='lat' dir='ltr'>obedientiae,</span> <span class='ocrx_word' id='word_1_318' title='bbox 1243 4043 1279 4098; x_wconf 89' lang='lat' dir='ltr'>et</span> <span class='ocrx_word' id='word_1_319' title='bbox 1303 4035 1386 4100; x_wconf 92' lang='lat' dir='ltr'>obe·</span> 
     </span>
    </p>
   </div>
   <div class='ocr_carea' id='block_1_3' title="bbox 265 4121 1496 4211">
    <p class='ocr_par' dir='ltr' id='par_1_4' title="bbox 265 4121 1496 4211">
     <span class='ocr_line' id='line_1_37' title="bbox 265 4121 1496 4211; baseline 0.006 -23"><span class='ocrx_word' id='word_1_320' title='bbox 265 4126 395 4189; x_wconf 88' lang='lat' dir='ltr'>dientia</span> <span class='ocrx_word' id='word_1_321' title='bbox 418 4135 472 4189; x_wconf 90' lang='lat' dir='ltr'>est</span> <span class='ocrx_word' id='word_1_322' title='bbox 495 4127 611 4206; x_wconf 88' lang='lat' dir='ltr'>vitae;</span> <span class='ocrx_word' id='word_1_323' title='bbox 643 4138 680 4190; x_wconf 92' lang='lat' dir='ltr'>at</span> <span class='ocrx_word' id='word_1_324' title='bbox 707 4128 826 4191; x_wconf 90' lang='lat' dir='ltr'>oculus</span> <span class='ocrx_word' id='word_1_325' title='bbox 849 4130 1097 4210; x_wconf 89' lang='lat' dir='ltr'>correspondet</span> <span class='ocrx_word' id='word_1_326' title='bbox 1122 4129 1384 4211; x_wconf 87' lang='lat' dir='ltr'>intelligentiae,</span> <span class='ocrx_word' id='word_1_327' title='bbox 1492 4121 1496 4128; x_wconf 76' lang='grc'>’</span> 
     </span>
    </p>
   </div>
   <div class='ocr_carea' id='block_1_4' title="bbox 264 4219 1385 4308">
    <p class='ocr_par' dir='ltr' id='par_1_5' title="bbox 264 4219 1385 4308">
     <span class='ocr_line' id='line_1_38' title="bbox 264 4219 1385 4308; baseline 0.004 -24"><span class='ocrx_word' id='word_1_328' title='bbox 264 4229 301 4284; x_wconf 89' lang='lat' dir='ltr'>et</span> <span class='ocrx_word' id='word_1_329' title='bbox 319 4221 551 4304; x_wconf 88' lang='lat' dir='ltr'>intelligentia</span> <span class='ocrx_word' id='word_1_330' title='bbox 568 4232 623 4286; x_wconf 92' lang='lat' dir='ltr'>est</span> <span class='ocrx_word' id='word_1_331' title='bbox 641 4219 859 4287; x_wconf 70' lang='lat' dir='ltr'>doctrinael‘l</span> <span class='ocrx_word' id='word_1_332' title='bbox 904 4221 1024 4288; x_wconf 89' lang='lat' dir='ltr'>Status</span> <span class='ocrx_word' id='word_1_333' title='bbox 1043 4224 1164 4288; x_wconf 90' lang='lat' dir='ltr'>horum</span> <span class='ocrx_word' id='word_1_334' title='bbox 1183 4224 1385 4308; x_wconf 88' lang='lat' dir='ltr'>angelorum</span> 
     </span>
    </p>
   </div>
   <div class='ocr_carea' id='block_1_5' title="bbox 653 4423 979 4480">
    <p class='ocr_par' dir='ltr' id='par_1_6' title="bbox 653 4423 979 4480">
     <span class='ocr_line' id='line_1_39' title="bbox 653 4423 979 4480; baseline 0.006 -12"><span class='ocrx_word' id='word_1_335' title='bbox 653 4423 693 4476; x_wconf 71' lang='grc' dir='ltr'>(ιι</span> <span class='ocrx_word' id='word_1_336' title='bbox 706 4435 803 4468; x_wconf 74' lang='lat' dir='ltr'>marrus</span> <span class='ocrx_word' id='word_1_337' title='bbox 815 4427 979 4480; x_wconf 70' lang='lat' dir='ltr'>cum-rm)</span> 
     </span>
    </p>
   </div>
   <div class='ocr_carea' id='block_1_6' title="bbox 318 4523 1384 4675">
    <p class='ocr_par' dir='ltr' id='par_1_7' title="bbox 318 4523 1384 4675">
     <span class='ocr_line' id='line_1_40' title="bbox 318 4523 1225 4667; baseline 0.01 -89"><span class='ocrx_word' id='word_1_338' title='bbox 318 4525 356 4667; x_wconf 58' lang='lat' dir='ltr'>g)</span> <span class='ocrx_word' id='word_1_339' title='bbox 377 4523 423 4583; x_wconf 88' lang='lat' dir='ltr'>De</span> <span class='ocrx_word' id='word_1_340' title='bbox 436 4525 706 4598; x_wconf 84' lang='lat' dir='ltr'>correspondentia</span> <span class='ocrx_word' id='word_1_341' title='bbox 717 4528 796 4584; x_wconf 82' lang='lat' dir='ltr'>euris</span> <span class='ocrx_word' id='word_1_342' title='bbox 808 4539 841 4584; x_wconf 87' lang='lat' dir='ltr'>et</span> <span class='ocrx_word' id='word_1_343' title='bbox 853 4528 974 4586; x_wconf 78' lang='lat' dir='ltr'>auditus</span> <span class='ocrx_word' id='word_1_344' title='bbox 989 4531 1030 4599; x_wconf 89' lang='lat' dir='ltr'>(n.</span> <span class='ocrx_word' id='word_1_345' title='bbox 1042 4529 1225 4602; x_wconf 74' lang='lat'>4652-4660).</span> 
     </span>
     <span class='ocr_line' id='line_1_41' title="bbox 348 4595 1384 4675; baseline 0.012 -26"><span class='ocrx_word' id='word_1_346' title='bbox 348 4595 409 4650; x_wconf 91' lang='lat' dir='ltr'>uod</span> <span class='ocrx_word' id='word_1_347' title='bbox 429 4597 510 4652; x_wconf 81' lang='lat' dir='ltr'>auria</span> <span class='ocrx_word' id='word_1_348' title='bbox 528 4597 762 4668; x_wconf 86' lang='lat' dir='ltr'>correspondeat</span> <span class='ocrx_word' id='word_1_349' title='bbox 781 4599 967 4668; x_wconf 86' lang='lat' dir='ltr'>perceptioni</span> <span class='ocrx_word' id='word_1_350' title='bbox 986 4611 1017 4654; x_wconf 87' lang='lat' dir='ltr'>et</span> <span class='ocrx_word' id='word_1_351' title='bbox 1035 4601 1234 4664; x_wconf 82' lang='lat' dir='ltr'>obedientiae,</span> <span class='ocrx_word' id='word_1_352' title='bbox 1254 4615 1284 4659; x_wconf 86' lang='lat' dir='ltr'>et</span> <span class='ocrx_word' id='word_1_353' title='bbox 1303 4605 1384 4675; x_wconf 86' lang='lat' dir='ltr'>quod</span> 
     </span>
    </p>
   </div>
   <div class='ocr_carea' id='block_1_7' title="bbox 0 0 1696 5358">
    <p class='ocr_par' dir='ltr' id='par_1_8' title="bbox 0 0 1696 5358">
     <span class='ocr_line' id='line_1_42' title="bbox 0 0 1696 5358; baseline 0 0"><span class='ocrx_word' id='word_1_354' title='bbox 0 0 1696 5358; x_wconf 95' lang='lat' dir='ltr'> </span> 
     </span>
    </p>
   </div>
  </div>
 </body>
</html>
