3382 5358
635 657 686 710 DE
709 657 888 722 LOQUELA
911 657 1163 710 ANGELORUM.
1395 659 1452 728 135

337 845 413 892 curn
431 828 465 891 in
482 827 679 892 sinceritate
694 837 730 892 et
749 829 907 904 veritate,
924 827 991 892 alia
1006 848 1083 894 cum
1101 829 1136 892 in
1154 847 1270 892 amore
1290 837 1325 894 et
1344 827 1453 894 chari·

335 934 420 999 tate‚
440 922 507 986 alia
522 941 599 987 cum
617 923 651 985 in
671 923 745 987 zelo
761 935 820 987 aut
836 924 870 986 in
886 925 1070 1000 iracundia,
1091 923 1156 988 alia
1172 944 1249 988 cum
1265 925 1298 988 in
1315 923 1453 990 simula-

335 1019 430 1082 tione
449 1027 485 1082 et
508 1017 600 1094 dolo,
621 1017 688 1081 alia
714 1038 791 1081 cum
814 1020 849 1081 in
872 1019 1001 1082 ambitu
1025 1019 1164 1082 honoris
1192 1029 1228 1084 et
1255 1019 1396 1102 gloriae,
1417 1030 1453 1085 et

334 1113 383 1176 sic
401 1133 523 1195 porr03
548 1113 608 1176 sed
627 1111 760 1176 affediio
778 1133 837 1176 seu
856 1133 951 1177 arnor
969 1114 1149 1178 dominans
1168 1123 1221 1178 est
1244 1115 1278 1177 in
1297 1116 1453 1180 omnibus

334 1207 419 1271 illis:
444 1218 652 1291 quapropter
668 1209 782 1290 angeli
801 1209 1034 1290 sapientiores,
1052 1211 1130 1292 quia
1144 1209 1234 1273 hunc
1252 1211 1452 1293 percipiunt,

333 1305 445 1367 sciunt
465 1325 511 1366 ex
535 1303 671 1386 loquela
693 1322 830 1366 omnem
850 1313 980 1368 statum
1003 1304 1151 1368 alterius.
1198 1303 1299 1386 Quod
1323 1307 1372 1369 ita
1395 1307 1451 1379 sit,

332 1418 378 1461 ex
397 1399 506 1462 multa
521 1399 737 1480 experientia
753 1397 835 1462 mihi
850 1399 936 1461 scire
952 1400 1070 1464 datum
1089 1409 1153 1462 est.
1199 1399 1326 1463 Audivi
1345 1420 1451 1482 ange·

333 1491 385 1556 los
404 1494 611 1575 detegentes
634 1493 774 1556 alterius
792 1493 898 1556 vitam
919 1494 1029 1556 solum
1047 1515 1093 1556 ex
1113 1493 1172 1558 illo
1191 1495 1329 1571 audito;
1353 1495 1451 1558 dixe·

331 1598 411 1652 runt
433 1591 548 1663 etiam,
570 1587 662 1670 quod
685 1590 794 1652 sciant
817 1590 932 1651 omnia
950 1591 1045 1652 vitae
1063 1589 1203 1652 alterius
1222 1611 1266 1654 ex
1286 1590 1451 1672 aliquibus

330 1683 415 1747 ideis
434 1685 660 1766 cogitationis
678 1683 759 1764 ejus,
780 1685 859 1766 quia
877 1685 989 1748 sciunt
1008 1685 1086 1748 inde
1110 1704 1261 1748 amorem
1281 1685 1352 1767 ejus
1374 1707 1451 1770 reg-

330 1789 472 1841 nantem
499 1779 551 1841 cui
578 1779 694 1841 omnia
716 1779 831 1842 insunt
855 1779 887 1842 in
912 1780 1050 1858 ordine;
1080 1789 1115 1843 et
1140 1780 1231 1862 quod
1254 1780 1340 1844 liber
1357 1783 1450 1846 vitae

330 1873 479 1936 hominis
498 1891 566 1935 non
583 1872 674 1935 aliud
693 1874 747 1936 sit.
1283 1938 1286 1945 ,

393 1981 486 2050 ²37.
521 1967 657 2050 Lingua
686 1967 844 2050 angelica
873 1987 942 2032 non
975 1969 1101 2051 aliquid
1132 1989 1312 2034 commune
1343 1969 1450 2036 habet

331 2083 407 2127 curn
428 2063 551 2144 linguis
570 2063 738 2139 humanis,
760 2065 823 2126 nisi
843 2083 919 2126 curn
944 2063 1109 2145 aliquibus
1129 2065 1279 2138 vocibus,
1299 2085 1386 2148 quae
1405 2086 1449 2128 ex

328 2156 508 2222 affectione
531 2159 678 2241 quadarn
698 2169 843 2237 sonant;
873 2177 989 2222 verum
1010 2179 1077 2222 non
1101 2177 1178 2220 cum
1198 2160 1278 2240 ipsis
1297 2160 1447 2232 vocibus,

327 2255 389 2318 sed
419 2273 495 2317 cum
522 2275 607 2318 sono
637 2273 763 2328 earum,
784 2254 827 2316 de
855 2275 921 2336 qua
947 2275 982 2316 re
1007 2253 1133 2336 aliquid
1157 2255 1190 2316 in
1215 2255 1447 2336 sequentibus.

329 2347 431 2431 Quod
455 2349 571 2430 lingua
594 2349 752 2430 angelica
775 2368 844 2411 non
868 2349 995 2432 aliquid
1019 2366 1200 2412 commune
1223 2349 1351 2412 babeat
1370 2369 1447 2413 curn

327 2444 452 2526 linguis
474 2444 642 2518 humanis,
660 2453 758 2525 patet
777 2464 891 2518 exeo,
912 2443 1004 2525 quod
1023 2443 1156 2524 angelis
1176 2443 1386 2524 impossibile
1402 2446 1448 2509 sit

327 2540 504 2602 enuntiare
529 2559 630 2602 unam
650 2559 772 2602 vocern
798 2539 934 2620 linguae
959 2539 1149 2602 humanae:
1180 2537 1246 2601 hoc
1272 2548 1447 2604 tentatum

326 2643 390 2708 est,
404 2634 465 2698 sed
482 2655 551 2696 non
564 2643 749 2716 potuerunt
765 2655 773 2712 ;
799 2653 866 2696 non
883 2635 973 2696 enim
990 2633 1080 2696 aliud
1096 2635 1274 2697 enuntiare
1290 2645 1444 2715 possunt,

326 2747 427 2810 quam
452 2729 542 2811 quod
569 2748 705 2810 prorsus
731 2729 920 2792 concordat
946 2726 1135 2806 affedtioni3
1164 2730 1254 2811 quod
1275 2749 1343 2792 non
1363 2750 1446 2793 con·

325 2823 445 2886 cordat
461 2823 526 2887 hoc
539 2834 709 2906 repugnat
726 2825 789 2904 ipsi
805 2842 921 2886 eorum
933 2825 1036 2896 vitae,
1051 2839 1130 2886 nam
1147 2825 1218 2887 vita
1230 2834 1283 2887 est
1296 2823 1445 2888 afletiio-

324 2918 386 2992 nis,
406 2927 442 2981 et
464 2939 510 2980 ex
532 2917 591 2980 illa
610 2929 663 2980 est
683 2916 818 3000 loquela
836 2937 962 2980 eorum.
1009 2914 1145 2980 Dictum
1165 2928 1218 2981 est
1242 2917 1334 2992 mihi,
1353 2920 1445 3000 quod

324 3013 433 3094 prima
458 3012 574 3095 lingua
599 3013 776 3076 hominum
794 3013 828 3074 in
848 3022 967 3075 nostra
991 3012 1116 3076 tellure
1141 3014 1346 3094 congruerit,
1367 3015 1445 3094 quia

323 3106 384 3170 illa
405 3107 467 3171 suit
486 3110 534 3170 eis
554 3129 572 3171 e
591 3108 709 3187 caelo;
734 3117 770 3171 et
789 3107 880 3190 quod
907 3107 1024 3190 lingua
1050 3106 1210 3170 Hebraea
1225 3109 1259 3170 in
1276 3108 1444 3190 aliquibus

326 3211 505 3284 congruat.

387 3297 485 3380 ²38.
515 3295 606 3380 Quia
638 3297 776 3380 loquela
808 3297 1012 3379 angelorum
1045 3298 1295 3379 correspondet
1326 3319 1443 3362 eorum

323 3391 493 3456 affediioni
509 3413 596 3476 quae
613 3395 748 3468 amoris,
760 3401 796 3457 et
812 3413 909 3456 amor
921 3392 1007 3456 caeli
1023 3401 1077 3455 est
1093 3411 1189 3456 amor
1204 3394 1238 3456 in
1256 3392 1441 3458 Dominum

323 3497 359 3552 et
375 3507 471 3552 amor
492 3507 576 3570 erga
597 3490 792 3571 proximum
813 3486 986 3573 (videatur
1005 3507 1118 3568 supra,
1139 3507 1171 3550 n.
1195 3488 1323 3570 13-19),
1344 3499 1442 3571 patet

322 3601 423 3666 quam
442 3581 584 3665 elegans
602 3594 638 3647 et
653 3583 803 3666 jucunda
821 3595 874 3648 est
893 3583 1030 3666 loquela
1047 3582 1203 3661 illorum;
1227 3581 1332 3646 afficit
1352 3587 1441 3647 enim

321 3697 390 3742 non
416 3680 520 3743 modo
542 3700 650 3754 aures,
671 3681 732 3742 sed
759 3681 864 3742 etiam
889 3679 1049 3742 interiora
1073 3680 1198 3741 mentis
1225 3678 1360 3742 illorum
1384 3683 1441 3763 qui

321 3773 473 3838 audiunt.
505 3773 590 3838 Erat
606 3775 744 3857 quidam
760 3775 898 3856 spiritus
914 3774 1016 3837 durus
1033 3773 1147 3848 corde,
1162 3793 1237 3836 cum
1253 3794 1321 3855 quo
1334 3794 1441 3855 ange·

320 3869 372 3933 lus
385 3869 605 3953 loquebatur:
630 3869 689 3932 ille
704 3891 749 3933 ex
766 3868 903 3952 loquela
915 3868 985 3950 ejus
999 3868 1141 3932 tandem
1153 3869 1203 3932 ita
1221 3866 1360 3932 alfedius
1376 3879 1440 3942 est,

320 3977 357 4029 ut
376 3965 546 4047 lacrymas
564 3965 741 4042 sunderet3
769 3965 897 4040 dicens,
918 3963 1009 4048 quod
1035 3984 1104 4026 non
1129 3965 1289 4028 resistere
1311 3975 1440 4045 posset,

318 4062 397 4144 quia
409 4070 483 4124 erat
495 4080 591 4123 amor
603 4060 757 4142 loquens,
766 4069 801 4132 et
814 4060 905 4144 quod
918 4061 1008 4142 prius
1022 4079 1187 4142 nusquam
1201 4058 1440 4123 lacrimaverit.

381 4169 481 4238 ²39·
511 4155 576 4219 Est
600 4175 736 4239 quoque
756 4155 893 4238 loquela
911 4155 1113 4238 angelorum
1137 4154 1240 4238 plena
1258 4155 1438 4237 sapientia,

317 4251 477 4334 quoniam
496 4270 542 4314 ex
560 4251 723 4314 interiore
740 4269 856 4314 eorum
874 4251 1087 4334 cogitatione
1103 4250 1271 4334 procedit,
1289 4258 1325 4314 et
1344 4251 1440 4330 cogi·

316 4347 408 4410 tatio
437 4365 554 4410 eorum
582 4347 724 4410 interior
753 4356 806 4410 est
837 4346 1018 4427 sapientia,
1043 4348 1132 4409 sicut
1159 4343 1293 4409 affediio
1322 4363 1438 4406 eorum

316 4439 457 4504 interior
476 4451 529 4505 est
552 4461 670 4518 am0r;
695 4439 873 4523 conjungit
892 4461 930 4504 se
953 4461 1050 4504 amor
1072 4451 1108 4505 et
1132 4441 1302 4523 sapientia
1321 4457 1439 4502 eorum

316 4538 348 4600 in
366 4535 522 4620 loquela:
545 4537 626 4601 inde
642 4535 701 4600 illa
716 4548 770 4602 est
785 4547 858 4602 tarn
874 4535 977 4620 plena
993 4537 1173 4618 sapientia,
1191 4545 1229 4601 ut
1245 4535 1439 4617 exprimere

315 4634 450 4714 possint
473 4652 540 4697 una
563 4653 661 4712 voce,
686 4655 773 4717 quae
796 4633 902 4698 horno
924 4652 993 4698 non
1017 4639 1132 4716 potest
1155 4631 1249 4696 mille
1272 4628 1415 4696 vocibus
1428 4651 1437 4710 ς
