3350 5366
293 601 355 686 364
620 611 671 664 nn
693 609 820 664 cnuto
842 609 891 664 aa
914 607 1096 664 larnano.

288 787 335 852 sit
357 784 470 852 solum
493 804 538 850 ex
562 782 728 850 memoria
749 789 787 850 et
817 799 889 850 non
916 797 962 849 ex
991 778 1105 863 aliona
1127 777 1204 848 luce
1226 777 1411 856 rationein

289 901 394 964 quare
417 880 451 946 in
470 879 582 945 altera
600 878 683 953 vita,
701 896 779 944 cum
798 895 853 944 res
872 875 1059 943 memoriae
1078 871 1243 944 naturalis
1267 893 1336 940 non
1358 894 1411 938 re-

289 977 430 1060 produci
448 975 594 1057 amplius
611 974 833 1057 permittitur,
853 983 935 1041 sunt
957 972 1034 1040 aliis
1052 969 1271 1054 stupidiores,
1290 980 1327 1036 et
1345 970 1411 1036 hoc

288 1093 335 1138 ex
353 1091 469 1147 causa,
487 1071 568 1152 quia
586 1069 737 1150 separati
756 1089 777 1135 a
795 1067 933 1134 Divino.

350 1167 455 1250 564.
485 1165 573 1232 Sunt
590 1166 660 1232 duo
673 1164 816 1230 dominii
828 1181 978 1246 genera3
1002 1180 1106 1229 unum
1121 1169 1176 1229 est
1191 1161 1317 1226 amoris
1329 1181 1413 1243 erga

288 1263 496 1346 proximum,
513 1270 550 1326 et
569 1259 716 1328 alterum
735 1269 789 1325 ert
808 1259 934 1324 amoris
953 1258 1014 1324 sui.
1059 1255 1158 1322 Haec
1176 1256 1245 1324 duo
1262 1257 1412 1326 dominia

288 1367 368 1420 sunt
384 1356 450 1420 sibi
468 1357 502 1422 in
518 1376 580 1420 sua
592 1355 747 1422 essentia
762 1374 901 1436 prorsus
917 1352 1087 1439 opposita.
1132 1349 1200 1433 Qui
1215 1352 1412 1420 dominatur

288 1473 334 1516 ex
349 1471 468 1516 amore
483 1471 567 1532 erga
585 1451 791 1532 proximum,
807 1451 837 1514 is
855 1449 929 1515 vult
944 1448 1103 1516 omnibus
1118 1447 1258 1522 bonum,
1275 1457 1311 1512 et
1329 1446 1412 1514 nihil

288 1547 364 1630 plus
387 1556 482 1610 amat
506 1565 608 1629 quarn
632 1563 722 1620 usus,
742 1546 793 1610 ita
815 1546 941 1610 servire
960 1543 1058 1622 aliis;
1089 1541 1314 1626 (perservire
1337 1542 1412 1610 aliis

288 1641 495 1724 intelligitur
517 1641 594 1706 aliis
616 1641 746 1706 bonum
764 1639 855 1704 velle
885 1649 922 1704 et
952 1659 1031 1704 usus
1058 1647 1246 1719 praestare,
1266 1639 1338 1703 sive
1365 1638 1411 1704 sit

175 1743 179 1758 '
287 1737 468 1813 ecclesiae,
492 1736 565 1800 sive
587 1738 733 1817 patriae,
753 1737 827 1800 sive
850 1735 1022 1810 societati,
1047 1735 1118 1798 sive
1141 1735 1276 1800 concivi
1288 1732 1313 1817 :)
1344 1734 1411 1802 hoc

288 1832 360 1913 ejus
382 1852 479 1896 amor
502 1841 567 1907 est,
590 1842 628 1896 et
658 1831 724 1896 hoe
744 1830 932 1912 jucundum
953 1830 1069 1894 cordis
1093 1827 1174 1912 ejus.
1219 1829 1253 1894 Is
1275 1849 1410 1912 quoque

287 1936 453 2008 quantum
476 1925 632 1996 evehitur
655 1925 699 1988 ad
721 1925 914 2006 dignitates
936 1943 1039 2008 supra
1061 1923 1158 1999 alios,
1178 1933 1315 1989 tantum
1339 1923 1410 1988 lae·

287 2029 404 2098 tatur;
435 2039 552 2085 verum
583 2039 652 2086 non
680 2029 821 2101 propter
844 2018 1047 2099 dignitates,
1072 2017 1132 2082 sod
1156 2027 1296 2100 propter
1320 2039 1410 2092 usus,

286 2137 372 2196 quos
391 2125 473 2180 tunc
493 2115 527 2178 in
547 2115 634 2197 pluri
650 2115 751 2196 copia
769 2121 806 2178 et
825 2112 945 2194 majori
963 2112 1074 2195 gradu
1090 2121 1267 2196 praestare
1283 2123 1410 2195 potest.

287 2209 373 2277 Tale
385 2211 574 2275 dominium
590 2221 644 2274 est
661 2211 695 2274 in
711 2209 827 2276 caelis.
868 2207 931 2284 At,
945 2210 1002 2292 qui
1016 2209 1215 2274 dominatur
1231 2228 1277 2272 ex
1294 2227 1409 2274 amore

286 2306 347 2380 sui,
365 2305 392 2371 is
412 2305 486 2370 vult
504 2305 590 2370 nulli
605 2306 745 2381 bonurn,
762 2305 825 2370 sed
844 2305 907 2370 sibi
923 2304 1007 2368 soli:
1033 2323 1123 2378 usus,
1140 2323 1226 2386 quos
1243 2313 1408 2386 praestat.

286 2411 366 2464 sunt
384 2409 526 2482 propter
539 2401 589 2464 sui
606 2400 774 2464 honorem
790 2410 826 2466 et
841 2399 1000 2483 gloriam,
1014 2400 1070 2481 qui
1086 2399 1117 2462 ei
1134 2409 1215 2464 sunt
1230 2398 1294 2462 soli
1310 2417 1409 2462 usus:

285 2496 412 2563 seruire
430 2494 506 2560 aliis
528 2507 583 2560 est
607 2496 638 2558 ei
661 2503 804 2576 propter
826 2492 928 2559 finem
952 2503 990 2559 ut
1012 2495 1190 2568 serviatur,
1209 2493 1409 2567 honoretur,

286 2581 326 2654 ac
350 2591 565 2658 dominetur:
600 2590 709 2656 ambit
732 2590 923 2670 dignitates
944 2609 1016 2654 non
1040 2597 1179 2670 propter
1201 2588 1294 2654 bona
1321 2605 1410 2672 quae

286 2685 495 2767 praestanda
517 2685 650 2766 patriae
675 2695 711 2750 et
734 2684 913 2760 ecclesiae,
933 2685 995 2750 sed
1025 2694 1063 2748 ut
1092 2685 1127 2750 in
1156 2685 1345 2750 eminentia
1374 2695 1409 2748 et

286 2780 396 2861 gloria
418 2781 474 2855 sit,
495 2789 531 2844 et
553 2780 634 2844 inde
658 2779 692 2844 in
720 2780 771 2844 sui
801 2781 914 2846 cordis
931 2778 1093 2862 jucundo.
1139 2778 1250 2844 Amor
1268 2780 1410 2847 dominii

286 2884 404 2938 manet
423 2876 529 2940 etiam
546 2875 807 2956 unumquomvis
823 2884 904 2957 post
918 2875 1028 2944 vitam
1046 2875 1080 2939 in
1100 2876 1248 2953 mundo;
1273 2875 1333 2940 sed
1347 2875 1410 2957 ⁴qui

286 2970 455 3033 dominati
474 2979 554 3034 sunt
574 2989 619 3034 ex
643 2988 761 3034 amore
779 2989 863 3050 erga
879 2971 1085 3050 proximum,
1105 2969 1173 3036 illis
1191 2971 1410 3036 concreditur

286 3066 392 3128 etiam
412 3065 603 3130 dominatio
626 3067 660 3128 in
684 3064 801 3140 caelis,
821 3085 939 3130 verum
956 3075 1039 3132 tono
1064 3065 1113 3131 illi
1136 3085 1206 3129 non
1229 3066 1409 3129 dominan-

285 3171 348 3234 tur,
366 3160 427 3224 sed
448 3179 527 3225 usus
546 3179 631 3242 quos
647 3169 788 3238 amant;
812 3171 849 3224 et
867 3179 944 3226 cum
965 3179 1056 3236 usus,
1074 3161 1272 3226 dominatur
1288 3161 1409 3224 Domi·

286 3273 358 3320 nus.
404 3254 455 3321 At
479 3255 592 3337 quiin
616 3255 746 3319 mundo
768 3255 939 3321 dominati
959 3267 1041 3320 sunt
1064 3277 1109 3320 ex
1131 3275 1249 3320 amore
1273 3257 1334 3330 sui,
1357 3255 1410 3321 illi

286 3361 364 3432 post
381 3353 491 3414 vitam
510 3350 544 3414 in
562 3350 690 3418 mundo
706 3359 786 3418 aunt
801 3351 838 3414 in
854 3350 997 3426 inferno,
1015 3359 1051 3416 et
1068 3351 1114 3416 ibi
1130 3351 1214 3414 vilia
1226 3351 1409 3432 mancipia.

286 3445 367 3511 Vidi
386 3455 561 3528 potentes,
579 3446 635 3527 qui
658 3446 692 3508 in
711 3446 840 3510 mundo
858 3467 903 3510 ex
922 3467 1039 3512 amore
1059 3447 1109 3510 sui
1129 3447 1297 3512 dominati
1315 3455 1408 3521 sunt,

285 3538 430 3621 rennos
443 3541 533 3607 inter
545 3540 741 3618 vilissimos,
751 3550 790 3608 et
807 3542 976 3624 quosdam
987 3542 1080 3608 inter
1094 3541 1174 3607 illos
1190 3542 1295 3626 quiin
1312 3541 1409 3606 latri-

286 3637 421 3702 nisibi..

348 3731 451 3813 563·
474 3727 577 3812 Quod
593 3741 712 3796 autum
725 3751 878 3797 amorem
895 3733 1012 3798 mundi
1028 3733 1168 3808 attinet,
1181 3733 1210 3796 is
1226 3751 1323 3798 amor
1338 3751 1408 3796 non

286 3827 320 3889 in
347 3825 411 3889 tali
439 3826 549 3906 gradu
571 3837 626 3891 est
649 3829 829 3908 oppositus
848 3830 956 3894 amori
979 3829 1132 3903 caelesti,
1153 3829 1316 3911 quoniam
1339 3847 1408 3891 non

285 3927 387 3984 tanta
406 3921 497 3984 mala
514 3923 549 3984 in
565 3921 626 3986 illo
644 3924 824 3988 recondita
842 3933 932 3988 sunt.
978 3922 1090 3990 Amor
1108 3925 1224 3987 mundi
1243 3935 1299 3988 est
1317 3923 1409 3986 velle

284 4015 426 4078 aliorum
446 4035 529 4098 opes
549 4017 592 4080 ad
613 4037 650 4080 se
668 4019 821 4083 derivare
841 4039 1042 4102 quacunque
1061 4029 1148 4096 arte,
1168 4040 1207 4082 ac
1227 4021 1262 4082 in
1282 4019 1409 4082 divitiis

285 4130 344 4174 cor
367 4131 507 4193 ponere,
528 4132 567 4174 ac
587 4114 660 4194 pati
682 4125 720 4178 ut
740 4117 888 4178 mundus
908 4115 1064 4178 retrahat
1081 4125 1117 4179 et
1141 4115 1292 4179 abducat
1311 4115 1407 4178 illum

285 4205 330 4268 ab
352 4226 470 4270 amore
494 4208 672 4288 spirituali,
695 4210 751 4292 qui
775 4221 829 4273 est
852 4229 949 4274 amor
972 4230 1056 4292 erga
1078 4211 1285 4292 proximum,
1310 4211 1361 4274 ita
1386 4229 1409 4274 a

285 4301 382 4364 caelo
394 4311 431 4364 et
447 4322 467 4364 a
483 4302 620 4366 Divino,
666 4303 735 4368 Sed
752 4323 848 4368 amor
860 4305 915 4370 hie
930 4315 985 4369 est
998 4305 1194 4388 multiplex.
1234 4305 1299 4369 Est
1310 4323 1408 4370 amor

285 4415 389 4476 opum
412 4406 449 4460 ut
473 4397 662 4462 evehantur
685 4401 728 4463 ad
749 4400 912 4477 honores,
933 4421 1018 4484 quos
1042 4401 1153 4466 solum
1176 4412 1318 4479 amant;
1350 4411 1407 4464 est

284 4511 380 4554 amor
396 4492 567 4557 honorum
583 4508 620 4559 et
636 4495 847 4576 dignitatum
864 4507 901 4561 ut
920 4497 1095 4562 lucrentur
1110 4517 1216 4581 opes:
1241 4506 1295 4562 est
1309 4515 1409 4560 amor

285 4606 385 4669 opum
409 4599 551 4672 propter
571 4591 685 4654 varios
709 4611 787 4658 usus
810 4593 931 4676 quibus
949 4591 1167 4660 deledtantur
1195 4595 1230 4658 in
1254 4593 1406 4670 mundo;
