3350 5366
293 663 345 713 DE
360 662 525 713 ninum
538 663 590 746 ἘΤ
607 663 770 716 ARTIBUS
785 663 990 716 SPIRITUUM
1007 663 1288 718 INFERNALIUM.
1321 669 1379 735 371

263 841 354 907 sunt,
375 831 556 915 conjuncta
578 854 713 917 quoque
738 853 814 898 cum
838 843 1042 917 contemptu
1064 833 1219 912 aliorum,
1239 836 1382 900 inimici-

262 930 322 1004 tia,
339 929 503 1005 irrisione,
520 930 800 1003 subsannatione,
812 929 1123 1011 blasphematione,
1140 951 1228 1013 quae
1246 950 1382 1014 quoque

261 1035 443 1108 erumpunt
461 1027 495 1090 in
515 1025 756 1090 dilaniationes
772 1027 854 1090 varii
870 1026 1029 1107 generis;
1053 1027 1194 1108 quisque
1210 1027 1302 1091 enim
1320 1045 1383 1108 pro

261 1137 324 1184 suo
342 1119 431 1184 salso
449 1130 591 1202 pugnat,
612 1131 648 1184 et
671 1121 755 1184 dicit
775 1140 903 1184 verum.
949 1120 1027 1184 Hae
1045 1121 1316 1202 disceptationes
1344 1131 1381 1186 et

262 1234 398 1297 pugnae
422 1226 524 1280 extra
550 1214 611 1279 illa
634 1215 764 1278 interna
786 1215 972 1278 audiuntur
994 1216 1084 1278 sicut
1106 1215 1273 1278 stridores
1296 1215 1382 1280 den·

261 1310 368 1374 tium:
393 1320 429 1376 et
445 1331 580 1392 quoque
599 1312 632 1374 in
653 1311 818 1374 stridores
834 1311 990 1374 dentium
1006 1320 1187 1374 vertuntur
1203 1329 1279 1374 cum
1300 1331 1382 1376 vera

260 1404 400 1470 ecaelo
419 1406 500 1470 illuc
524 1405 677 1470 influunt.
723 1405 762 1470 In
786 1406 827 1468 iis
849 1405 989 1470 infernis
1009 1415 1088 1470 sunt
1107 1425 1228 1470 omnes
1251 1405 1300 1470 illi
1323 1405 1381 1488 qui

260 1510 476 1581 agnoverunt
496 1511 654 1564 naturam
676 1509 713 1564 et
737 1509 952 1581 negaverunt
975 1500 1158 1577 Divinum;
1185 1501 1219 1564 in
1243 1499 1381 1582 prolun-

260 1595 410 1660 dioribus
425 1595 470 1660 ibi
486 1596 542 1678 qui
561 1615 599 1660 se
618 1596 651 1658 in
670 1613 713 1658 eo
728 1593 981 1658 confirmarunt.
1028 1594 1082 1658 Illi
1098 1595 1177 1676 quia
1193 1593 1276 1658 nihil
1296 1594 1381 1658 lucis

260 1690 396 1756 ecaelo
414 1701 559 1772 possunt
579 1691 741 1772 recipere,
762 1699 798 1754 et
822 1691 901 1754 inde
921 1689 1005 1754 nihil
1021 1691 1138 1754 videre
1157 1692 1250 1754 intus
1272 1691 1306 1754 in
1331 1711 1379 1764 se,

259 1787 338 1850 ideo
361 1786 513 1868 plerique
536 1785 713 1848 sensuales
735 1786 891 1867 corporei
914 1795 1005 1858 sunt,
1029 1787 1085 1868 qui
1108 1795 1189 1848 sunt
1216 1786 1272 1868 qui
1296 1784 1381 1848 nihil

259 1882 403 1946 credunt
416 1899 518 1963 quam
529 1881 619 1963 quod
632 1880 741 1946 oculis
753 1881 872 1944 vident
885 1889 921 1944 et
934 1881 1092 1944 manibus
1105 1890 1255 1962 tangunt
1268 1900 1275 1942 :
1300 1881 1380 1944 inde

258 1996 380 2040 omnes
398 1975 555 2040 fallaciae
574 1995 735 2040 sensuum
765 1975 833 2040 illis
856 1985 936 2040 sunt
955 1995 1046 2050 vera,
1063 1996 1109 2038 ex
1132 1975 1254 2057 quibus
1274 1975 1379 2038 etiam

258 2072 468 2154 disceptant.
512 2071 570 2134 Ex
589 2092 632 2135 eo
649 2082 715 2146 est,
733 2073 824 2156 quod
840 2072 1114 2155 disceptationes
1130 2071 1268 2138 illorum
1282 2069 1379 2136 audi-

258 2178 360 2232 antur
378 2168 467 2232 sicut
483 2167 652 2233 stridores
667 2169 844 2245 dentium;
868 2188 948 2232 nam
964 2170 1080 2234 omnia
1095 2168 1181 2234 salsa
1199 2169 1233 2232 in
1250 2169 1379 2232 mundo

257 2262 424 2344 spirituali
442 2263 602 2337 strident,
622 2274 660 2328 et
678 2265 803 2328 dentes
822 2265 1094 2346 correspondent
1114 2263 1244 2328 ultimis
1263 2265 1297 2328 in
1316 2284 1378 2328 na·

257 2367 345 2431 tura,
358 2367 395 2422 et
411 2378 544 2440 quoque
557 2359 686 2422 ultimis
702 2359 792 2440 apud
809 2358 996 2436 hominem,
1009 2379 1097 2442 quae
1113 2369 1192 2424 sunt
1206 2359 1379 2424 sensualia

257 2450 472 2533 corporea.llll
519 2451 637 2534 (Quod
659 2455 692 2518 in
711 2455 850 2518 infernis
866 2455 911 2520 sit
930 2456 1058 2520 stridor
1073 2455 1240 2530 dentium,
1257 2455 1376 2520 videa·

256 2557 322 2620 tur,
344 2547 470 2612 Marri.
489 2549 556 2612 viii.
581 2565 638 2626 123
661 2567 738 2631 cap.
758 2550 829 2612 xiii.
847 2557 901 2627 42,
924 2563 986 2630 5ος
1009 2569 1084 2632 cap.
1105 2549 1191 2616 xxii.
1215 2565 1274 2630 133
1298 2569 1374 2634 cap.

255 2643 352 2706 xxiv.
375 2656 434 2724 515
457 2659 531 2726 cap.
551 2663 636 2708 xxv.
657 2658 716 2723 30:
738 2641 816 2708 Luc.
836 2644 908 2708 xiii.
928 2641 996 2727 28.)

758 3155 865 3242 [LX-l

255 3339 313 3404 Da
336 3339 508 3406 Mamm
531 3355 580 3407 nr
603 3343 774 3408 Anninus
793 3357 989 3408 usrnnors
1008 3341 1220 3410 Sernrrunn
1237 3359 1372 3410 ruran-

732 3451 894 3502 unsrun.

315 3621 414 3704 576·
446 3619 566 3704 Qualis
583 3622 794 3687 excellentia
807 3623 984 3705 spirituum
1001 3633 1055 3689 est
1072 3645 1152 3708 prae
1164 3625 1370 3702 hominibus,

253 3715 393 3798 quisque
412 3717 467 3799 qui
488 3717 628 3781 interius
647 3719 792 3799 cogitat,
809 3728 844 3782 et
862 3719 989 3801 aliquid
1008 3721 1052 3784 de
1071 3721 1272 3802 operatione
1291 3741 1373 3786 suae

253 3811 379 3874 mentis
392 3811 499 3884 novit,
513 3812 628 3875 videre
644 3821 680 3876 et
697 3813 989 3895 comprehendere
1000 3823 1136 3898 potest:
1160 3814 1265 3878 homo
1280 3816 1371 3878 enim

253 3915 370 3969 mente
394 3927 454 3969 sua
477 3905 573 3990 plura
595 3907 685 3970 intra
703 3908 872 3971 minutum
891 3917 1010 3991 potest
1029 3929 1179 3988 versare,
1198 3909 1369 3985 evolvere,

639 4119 687 4172 [(ικ
700 4131 797 4162 eacan!
809 4121 984 4174 ammi]
1035 4112 1043 4126 ¹

307 4219 357 4288 (Il)
384 4217 429 4275 De
443 4217 715 4291 Comespondentia
728 4221 864 4277 dentium
880 4225 920 4292 (n.
935 4221 1114 4294 5565-5568).

304 4287 393 4362 Quod
415 4291 455 4346 illi
474 4291 731 4362 correspondeant
747 4293 888 4348 dentibus
907 4295 958 4364 qui
979 4309 1060 4349 mere
1075 4293 1230 4349 sensuales
1244 4301 1323 4358 sunt,
1338 4295 1370 4348 et

251 4361 302 4416 vix
314 4361 426 4430 aliquid
441 4363 515 4418 lucis
528 4363 690 4434 spiritualis
702 4363 815 4420 habent
828 4367 869 4432 (n.
884 4365 973 4433 5565).

305 4429 395 4502 Quod
409 4433 533 4488 “dens''
549 4434 578 4488 in
595 4433 696 4488 Verbo
711 4433 860 4506 significet
878 4435 1017 4490 sensuale
1035 4435 1118 4506 quod
1135 4433 1273 4490 ultimum
1290 4434 1371 4492 vitae

252 4501 383 4558 hominis
397 4503 438 4570 (n.
451 4517 528 4572 9052,
538 4505 630 4572 9062).

305 4571 395 4644 Quod
409 4573 519 4628 stridor
528 4575 663 4628 dentium
677 4573 706 4628 in
720 4573 814 4630 altera
825 4575 889 4630 vita
901 4576 941 4630 sit
955 4589 993 4631 ex
1008 4575 1129 4647 illisqui
1143 4577 1269 4632 credunt
1283 4585 1370 4631 natu·

252 4657 314 4698 ram
327 4657 394 4700 esse
407 4659 505 4706 omne,
518 4659 553 4699 ac
568 4644 710 4700 Divinum
724 4647 799 4700 nihil
813 4647 854 4715 (n.
869 4659 883 4716 5
888 4646 959 4716 568).
