3382 5358
544 647 596 698 DE
618 645 746 700 CULTU
770 645 907 700 DIVINO
929 645 972 696 IN
994 645 1132 700 CAELO.
1341 647 1401 718 127

763 1053 909 1144 [xva

528 1244 741 1312 Decumo
764 1245 974 1310 D1V1N01N
998 1243 1141 1312 cneco.

336 1444 426 1498 m·
455 1429 577 1498 Cultus
596 1433 742 1498 Divinus
763 1433 798 1496 in
817 1432 922 1497 caelis
942 1452 1012 1496 non
1030 1433 1196 1498 absimilis
1215 1442 1270 1498 est
1289 1432 1397 1499 cultui

272 1527 399 1592 Divino
417 1527 451 1590 in
467 1528 568 1592 terris
585 1529 698 1611 quoad
715 1537 874 1604 externa,
892 1529 954 1592 sed
972 1529 1085 1612 quoad
1105 1529 1242 1593 interna
1260 1528 1394 1608 differt3
1459 1563 1461 1566 ·

271 1634 350 1688 sunt
363 1622 431 1686 illis
443 1643 551 1705 aeque
564 1619 751 1698 doftrinae,
765 1632 846 1688 sunt
859 1624 1148 1706 praedicationes,
1163 1633 1198 1688 et
1212 1635 1293 1689 sunt
1304 1634 1394 1692 tem·

272 1718 340 1800 pla.
385 1715 572 1782 Dodtrinae
591 1719 704 1802 quoad
720 1719 919 1783 essentialia
935 1720 1157 1792 conveniunt,
1172 1719 1233 1784 sed
1252 1722 1394 1785 interio-

270 1815 316 1876 ris
338 1813 530 1894 sapientiae
547 1822 627 1876 sunt
643 1833 730 1896 quae
752 1815 787 1876 in
810 1813 915 1878 caelis
931 1815 1171 1897 superioribus,
1189 1835 1291 1898 quam
1308 1837 1395 1898 quae

271 1909 305 1971 in
323 1909 428 1972 caelis
446 1907 679 1972 inferioribus:
703 1909 982 1992 praedicationes
1001 1919 1081 1973 sunt
1101 1911 1290 1976 secundum
1309 1912 1393 1974 doc·

270 2004 396 2068 trinas:
429 2013 466 2068 et
489 2005 577 2068 sicut
600 2002 668 2068 illis
687 2013 769 2068 sunt
787 2004 911 2068 domus
934 2014 970 2068 et
994 2004 1124 2086 palatia
1144 2003 1192 2088 (n.
1220 2004 1391 2090 183—190),

271 2099 320 2162 ita
349 2121 484 2182 quoque
513 2108 594 2162 sunt
624 2098 756 2184 templa
785 2099 820 2162 in
850 2099 972 2182 quibus
994 2101 1272 2183 praedicationes
1295 2099 1391 2164 fiunt.

270 2191 371 2274 Quod
391 2194 476 2258 talia
491 2194 526 2258 in
544 2192 649 2258 caelis
667 2213 804 2276 quoque
823 2194 904 2270 sint,
924 2203 979 2258 est
998 2195 1076 2278 quia
1095 2195 1210 2278 angeli
1229 2196 1393 2260 continue

271 2287 491 2369 perficiuntur
512 2289 683 2371 sapientia
705 2297 742 2351 et
764 2307 902 2367 amore;
933 2298 988 2353 est
1011 2289 1101 2352 enim
1125 2289 1192 2352 illis
1215 2310 1323 2372 aeque
1350 2311 1391 2354 ac

268 2384 462 2448 hominibus
481 2381 679 2448 intellectus
701 2393 738 2447 et
760 2382 933 2460 voluntas,
953 2403 993 2447 ac
1017 2383 1214 2449 intelleEius
1233 2385 1313 2450 talis
1336 2397 1391 2450 est

269 2487 307 2543 ut
333 2480 496 2542 continue
519 2489 622 2562 queat
646 2477 772 2562 perfici,
797 2478 955 2543 similiter
976 2479 1159 2558 voluntas;
1193 2477 1391 2544 intelleEtus

268 2595 329 2658 per
351 2594 433 2640 vera
455 2595 541 2656 quae
564 2583 646 2638 sunt
669 2573 935 2656 intelligentiae,
959 2583 996 2638 et
1027 2573 1191 2638 voluntas
1214 2595 1275 2658 per
1298 2576 1391 2640 bona

268 2689 354 2751 quae
373 2679 454 2733 sunt
473 2666 660 2732 amoristwt
704 2697 707 2704 ·

330 2777 420 2830 m.
449 2762 579 2828 Verum
599 2765 671 2846 ipse
688 2764 801 2828 cultus
821 2764 965 2830 Divinus
989 2765 1023 2828 in
1042 2763 1147 2828 caelis
1167 2784 1236 2828 non
1256 2765 1389 2830 consis-

267 2860 312 2924 tit
334 2861 367 2922 in
386 2858 645 2942 frequentandis
663 2860 814 2943 templis,
836 2870 872 2924 et
894 2861 929 2923 in
952 2859 1189 2924 auscultandis
1208 2862 1388 2942 praedica·

267 2953 428 3029 tionibus,
448 2955 508 3017 sed
532 2955 566 3016 in
589 2954 661 3018 vita
680 2956 817 3031 amoris,
838 2953 1019 3018 charitatis
1042 2965 1078 3020 et
1102 2953 1180 3020 fidei
1199 2956 1388 3020 secundum

266 3047 460 3128 doCtrinas;
484 3049 761 3131 praedicationes
780 3051 815 3114 in
831 3050 970 3133 templis
987 3051 1178 3115 inserviunt
1194 3049 1306 3114 solum
1326 3071 1388 3134 pro

267 3147 388 3210 mediis
407 3155 444 3210 ut
467 3146 681 3234 instruantur
702 3147 737 3210 in
760 3147 862 3210 rebus
884 3147 987 3210 vitae.
1032 3144 1188 3210 Locutus
1211 3167 1286 3210 sum
1309 3167 1387 3212 cum

265 3240 398 3322 angelis
417 3241 460 3303 de
479 3240 543 3304 hac
563 3261 610 3318 re,
631 3251 667 3306 et
691 3241 764 3304 dixi
782 3239 873 3325 quod
896 3242 930 3304 in
954 3242 1083 3306 mundo
1103 3242 1273 3318 credatur,
1294 3244 1386 3325 quod

264 3335 378 3399 cultus
405 3335 549 3399 Divinus
579 3336 690 3400 solum
716 3337 761 3400 sit
790 3335 1007 3420 frequentare
1035 3336 1178 3418 templa,
1208 3339 1385 3420 praedica·

264 3433 378 3496 tiones
396 3430 602 3507 auscultare,
623 3441 677 3496 ter
692 3441 857 3515 quaterve
874 3434 1059 3514 quotannis
1079 3433 1173 3496 obire
1189 3453 1386 3498 sacramen·

263 3535 337 3590 tum
360 3524 486 3602 Cenae,
506 3536 543 3590 et
562 3527 693 3610 reliqua
711 3527 825 3590 cultus
843 3527 1031 3592 secundum
1051 3527 1219 3592 ecclesiae
1238 3537 1384 3606 statuta,

263 3631 299 3686 et
328 3642 462 3705 quoque
492 3641 615 3686 vacare
645 3622 814 3704 precibus,
843 3631 880 3686 et
909 3631 993 3685 tunc
1026 3643 1064 3686 se
1097 3622 1225 3686 devote
1254 3641 1386 3704 gerere.

262 3715 393 3799 Angeli
415 3717 588 3790 dixerunt,
614 3716 706 3799 quod
729 3717 814 3782 haec
841 3717 912 3780 sint
935 3725 1083 3780 externa
1106 3737 1192 3800 quae
1215 3717 1383 3794 iacienda,

261 3811 322 3878 sed
340 3812 432 3895 quod
451 3811 535 3876 nihil
551 3810 703 3876 efficiant
721 3812 750 3876 si
768 3832 837 3876 non
856 3813 1029 3876 internum
1046 3813 1092 3876 sit
1111 3833 1157 3876 ex
1176 3833 1243 3896 quo
1262 3833 1384 3896 proce·

260 3907 357 3982 dant,
377 3915 414 3970 et
432 3906 524 3990 quod
542 3907 715 3972 internum
734 3909 779 3972 sit
798 3907 871 3972 vita
888 3907 1076 3972 secundum
1092 3917 1279 3990 praecepta
1297 3929 1385 3992 quae

260 4001 364 4068 docet
387 3999 554 4067 doctrina.

658 4221 698 4276 (u
711 4223 987 4277 numennumen)

314 4335 376 4406 (aa)
402 4333 493 4410 Quod
504 4333 674 4393 intellectus
682 4335 722 4393 sit
734 4335 883 4408 recipiens
891 4335 963 4401 verl,
973 4344 1005 4393 et
1016 4335 1158 4393 voluntas
1166 4335 1240 4392 boni
1251 4337 1292 4408 (n.
1302 4336 1381 4410 3623,

258 4406 647 4551 ⁶¹²liu⁷gl³sic⁹1ll⁸3nllllle
656 4475 790 4534 reierunt
801 4477 839 4532 ad
848 4493 953 4534 verum
966 4487 997 4534 et
1009 4478 1131 4542 bonurn,
1142 4477 1185 4534 lte
1197 4493 1287 4537 omne
1299 4477 1381 4537 vitree

258 4547 391 4605 hominis
403 4550 441 4604 ad
456 4547 641 4605 intellectum
654 4559 684 4604 et
696 4547 885 4604 voluntatem
900 4551 941 4620 (n.
954 4549 1015 4618 803,
1032 4550 1140 4617 10122).

311 4617 402 4690 Quod
415 4621 515 4692 angeli
529 4621 559 4676 in
572 4631 728 4677 aeternum
742 4619 935 4692 perficiantur
949 4621 989 4690 (n.
1002 4619 1082 4691 4803,
1094 4619 1187 4691 664⁸).
