3408 5358
305 621 367 686 282
622 633 674 685 os
696 631 822 684 cnseo
844 630 893 683 ar
916 629 1097 682 mesano.

366 801 469 890 438·
499 801 622 868 Facies
644 801 902 884 hypocritarum
924 800 1032 865 serius
1055 807 1232 864 mutantur
1250 817 1353 883 quam
1375 796 1425 862 fa-

303 897 374 962 cies
389 897 608 980 reliquorum,
626 917 672 960 ex
691 916 795 960 causa
812 895 892 979 quia
909 915 955 959 ex
972 895 1221 959 consuetudine
1237 903 1424 958 contraxe-

303 1001 384 1056 runt
416 992 574 1055 habitum
608 991 840 1073 componendi
873 991 1037 1054 interiora
1071 1009 1132 1052 sua
1167 989 1211 1052 ad
1247 989 1425 1052 imitamen

303 1084 520 1151 affectionum
532 1087 719 1164 bonarum;
742 1095 953 1169 quapropter
968 1086 1025 1148 diu
1040 1104 1110 1149 non
1126 1083 1307 1167 impulchri
1319 1102 1425 1166 appa·

303 1191 401 1246 rent:
436 1181 497 1244 sed
524 1183 603 1264 quia
622 1181 820 1245 simulatum
843 1181 934 1264 apud
957 1179 1036 1245 illos
1059 1181 1252 1244 successive
1275 1180 1423 1254 exuitur,

303 1297 343 1341 ac
367 1278 529 1341 interiora
551 1297 638 1360 quae
658 1278 785 1340 mentis
804 1277 1032 1358 disponuntur
1054 1276 1098 1339 ad
1121 1275 1266 1339 formam
1291 1293 1426 1356 suarum

302 1371 531 1447 affectionum,
558 1371 643 1436 fiunt
672 1381 795 1454 postea
828 1372 1049 1436 deformiores
1082 1371 1166 1434 aliis.
1212 1369 1427 1452 Hypocritae

303 1478 383 1531 sunt
402 1469 459 1551 qui
483 1468 590 1532 locuti
610 1477 690 1532 sunt
709 1467 797 1531 sicut
816 1467 944 1548 angeli,
964 1467 1026 1529 sed
1046 1467 1189 1530 interius
1208 1477 1425 1548 agnoverunt

302 1562 413 1626 solam
433 1573 602 1636 naturam,
615 1551 659 1626 ¹et
683 1564 731 1627 sic
756 1582 825 1626 non
849 1563 1024 1638 Divinum,
1044 1581 1085 1625 ac
1108 1562 1188 1626 inde
1212 1569 1425 1643 negaverunt

301 1656 362 1721 illa
379 1679 466 1740 quae
485 1657 650 1720 ecclesiae
670 1667 706 1721 et
725 1657 811 1721 caeli
827 1666 917 1720 sunt.

365 1769 469 1838 459.
505 1752 690 1817 Sciendum
725 1763 790 1830 est,
821 1755 913 1836 quod
951 1753 1060 1816 forma
1092 1752 1257 1826 humana,
1279 1750 1425 1832 cujusvis

295 1847 450 1910 hominis
473 1859 552 1931 post
576 1859 723 1912 mortem
747 1869 789 1912 eo
812 1849 985 1932 pulchrior
1008 1850 1064 1922 sit,
1083 1838 1311 1930 quo'interius
1330 1866 1424 1909 ama-

302 1952 400 2006 verat
417 1942 542 2006 Divina
554 1964 647 2019 vera,
659 1953 695 2008 et
710 1943 847 2008 vixerat
860 1944 1048 2008 secundum
1064 1943 1143 2018 illa;
1167 1961 1247 2005 nam
1263 1942 1425 2005 interiora

303 2037 448 2118 cujusvis
464 2039 651 2102 secundum
667 2037 803 2102 illorum
819 2057 973 2102 amorem
989 2057 1029 2102 ac
1048 2038 1156 2100 vitam
1173 2047 1209 2100 et
1227 2037 1425 2118 aperiuntur

302 2143 338 2196 et
356 2134 569 2197 formantur:
594 2144 803 2217 quapropter
821 2155 889 2218 quo
905 2135 1044 2198 interior
1062 2130 1208 2207 affedlio,
1229 2152 1271 2194 eo
1290 2131 1424 2196 confor-

303 2229 390 2292 mior
413 2228 522 2305 caelo,
548 2238 584 2293 et
607 2229 687 2292 inde
710 2250 753 2292 eo
775 2229 957 2293 formosior
978 2228 1090 2292 facies.
1137 2227 1222 2291 Inde
1246 2236 1312 2303 est,
1333 2226 1424 2310 quod

302 2323 429 2406 angeli,
454 2324 509 2406 qui
539 2323 572 2386 in
603 2323 701 2387 caelo
731 2325 854 2388 intimo
884 2331 974 2398 sunt,
999 2323 1217 2406 pulcherrimi
1247 2323 1328 2397 sint,
1347 2323 1425 2405 quia

301 2427 382 2481 sunt
393 2420 517 2482 amoris
529 2419 687 2482 caelestis
697 2419 845 2483 formae:
866 2419 921 2502 qui
932 2429 1049 2482 autem
1060 2419 1212 2481 e'xterius
1223 2426 1423 2480 amaverunt

302 2511 429 2575 Divina
444 2534 535 2589 vera,
553 2522 589 2576 et
609 2513 656 2576 sic
674 2516 827 2577 exterius
842 2515 1004 2576 vixerunt
1021 2513 1209 2576 secundum
1225 2511 1295 2588 illa,
1313 2513 1424 2574 minus

301 2607 434 2689 pulchri
447 2617 546 2685 sunt;
569 2627 648 2670 nam
662 2610 837 2672 exteriora
849 2609 954 2672 modo
967 2608 1105 2671 elucent
1122 2627 1166 2671 ex
1179 2607 1265 2670 facie
1275 2606 1422 2679 illorum,

302 2714 337 2767 et
369 2723 437 2766 non
468 2722 566 2766 amor
588 2705 729 2767 interior
752 2705 913 2767 caelestis
939 2723 1000 2786 per
1022 2703 1197 2767 exteriora
1220 2701 1423 2776 translucet,

301 2797 444 2881 proinde
455 2817 524 2860 non
537 2797 645 2861 forma
657 2799 743 2862 caeli
755 2797 865 2881 qualis
877 2800 910 2862 in
927 2820 963 2862 se
977 2808 1030 2862 est
1045 2820 1053 2877 ;
1077 2807 1221 2882 apparet
1234 2795 1424 2880 respective

301 2893 483 2956 obscurum
499 2893 579 2975 quid
603 2914 622 2956 e
644 2893 730 2956 facie
748 2893 895 2969 illorum,
916 2914 984 2958 non
1003 2893 1210 2957 vivificatum
1233 2913 1254 2956 a
1277 2892 1424 2957 translu-

301 2987 417 3051 centia
446 2989 540 3050 vitae
570 2989 753 3051 interioris.
806 2987 935 3064 Verbo,
966 2989 1091 3052 crescit
1121 2989 1233 3051 omnis
1262 2984 1424 3069 perfectio

300 3102 418 3145 versus
441 3083 614 3156 interiora,
639 3091 676 3146 et
706 3083 876 3147 decrescit
899 3103 1017 3147 versus
1040 3084 1236 3162 exteriora3
1269 3091 1306 3146 et
1336 3085 1424 3147 sicut

302 3173 476 3264 perfectio,
488 3178 538 3240 ita
551 3197 686 3260 quoque
696 3177 919 3260 pulchritudo
931 3179 1054 3242 crescit
1069 3189 1104 3242 et
1117 3179 1297 3241 decrescit.
1342 3177 1424 3240 Vidi

300 3272 405 3336 facies
428 3273 604 3355 angelicas
627 3274 720 3337 tertii
743 3275 841 3350 caeli,
861 3295 948 3358 quae
966 3274 1053 3337 tales
1076 3284 1175 3338 erant
1198 3283 1235 3337 ut
1257 3293 1423 3356 nusquam

301 3366 389 3430 ullus
409 3365 519 3449 pictor
541 3377 661 3450 posset
684 3369 777 3431 omni
800 3379 876 3432 arte
899 3389 960 3432 sua
982 3369 1110 3452 aliquid
1133 3369 1214 3432 talis
1237 3368 1323 3432 lucis
1342 3369 1422 3432 dare

301 3461 483 3537 coloribus,
508 3473 546 3525 ut
576 3473 740 3545 aequaret
764 3463 981 3528 millesimam
1005 3475 1139 3546 partem
1163 3463 1248 3528 lucis
1271 3473 1307 3528 et
1331 3465 1423 3527 vitae

300 3575 387 3638 quae
407 3559 562 3638 apparuit
582 3559 614 3620 in
634 3557 720 3621 facie
739 3557 893 3622 illorum:
919 3559 980 3622 sed
999 3559 1102 3623 facies
1121 3559 1323 3642 angelorum
1343 3558 1422 3622 ulti·

301 3652 347 3714 mi
367 3651 453 3715 caeli
473 3663 618 3734 possunt
637 3653 852 3736 aliquatenus
872 3655 1020 3737 aequari.

363 3747 470 3829 46⁰.
501 3747 677 3812 Arcanum
697 3749 872 3832 quoddam
891 3751 1019 3813 nemini
1042 3749 1154 3813 adhuc
1179 3759 1299 3813 notum
1319 3749 1423 3813 velim
1501 3799 1509 3812 .

301 3975 412 4112 mggpis
426 3977 466 4044 tn·
482 3975 558 4044 ¹5⁶8»
576 3975 653 4046 2988»
671 3976 747 4046 2989·
768 3978 846 4047 3⁶³1,
865 3972 945 4046 696.
960 3989 1039 4046 4797.
1058 3977 1140 4044 4800.
1159 3977 1234 4046 ⁵¹⁶5·
1251 3977 1328 4047 51⁶8.
1347 3978 1424 4046 5⁶9⁵.

300 4061 334 4116 93
354 4115 443 4188 Quod
459 4115 550 4172 facies
563 4133 631 4172 cum
646 4117 837 4172 interioribus
850 4133 925 4188 quae
940 4119 1050 4174 mentis
1065 4135 1159 4176 unum
1175 4119 1266 4174 faciat
1277 4119 1358 4190 apud
1371 4136 1423 4174 an-

299 4188 385 4260 gelos
397 4189 470 4271 caell
486 4191 525 4254 (n.
538 4189 707 4272 479654799,
723 4189 799 4258 5695,
813 4189 907 4272 ⁸²5⁰):
989 4259 995 4272 ι

355 4257 444 4330 Quod
455 4259 523 4312 rdeo
534 4266 549 4287 ‘⁸
558 4257 649 4314 facres
657 4259 672 4279 ''
683 4277 712 4312 rn
722 4259 822 4314 Verbo
830 4257 979 4330 srgmficet
988 4260 1131 4316 interiora
1139 4277 1215 4332 quae
1225 4261 1335 4315 mentis
1345 4271 1423 4324 sunt,

301 4325 361 4384 hoc
378 4339 433 4390 est,
453 4345 530 4399 quae
549 4328 717 4385 affectionis
735 4340 767 4385 et
785 4331 979 4402 cogitationis
999 4333 1040 4401 (n.
1059 4347 1135 4402 1999,
1152 4345 1229 4401 2434,
1247 4345 1325 4402 3527,
1344 4331 1423 4398 4066,

301 4398 668 4482 479⁶·51022930§·954⁶)·
812 4471 818 4484 ,

355 4467 517 4540 Quomodo
537 4471 666 4525 rnfluxus
678 4487 695 4525 e
707 4472 836 4526 cerebris
849 4471 879 4526 in
892 4470 998 4527 faciem
1011 4489 1152 4529 successu
1167 4473 1313 4544 temporis
1327 4483 1424 4527 muta-

300 4549 351 4596 tus
363 4549 417 4604 est,
431 4549 540 4595 etcum
555 4542 606 4595 illo
619 4542 700 4612 ipsae
711 4539 802 4598 facies
815 4543 917 4615 quoad
930 4543 1227 4616 correspondentiam
1238 4561 1305 4599 cum
1321 4544 1423 4599 interi-

302 4609 404 4665 oribus
417 4612 458 4680 (η.
471 4611 551 4682 4326,
564 4611 654 4682 8250).
