3382 5358
342 653 490 705 GENTES
506 654 573 704 SEU
590 653 724 705 POPULI
740 653 869 704 EXTRA
886 651 1097 704 ECCLESIAM
1114 654 1155 703 IN
1171 655 1306 706 CAELO.
1356 659 1410 725 191

295 827 372 886 cum
391 823 518 905 Ipsum,
539 823 697 899 dicendo,

344 955 462 1006 “Videte
474 971 572 1007 manus
585 971 659 1006 meas
671 966 698 1006 et
709 958 792 1021 pedes
805 972 889 1018 meos,
899 957 972 1022 quod
984 954 1047 1021 ipse
1059 973 1111 1021 ego
1120 957 1189 1018 sim:
1206 959 1315 1022 palpate
1327 958 1413 1011 Meet

425 1022 522 1079 videte,
538 1037 601 1071 nam
619 1023 730 1085 spiritus
744 1037 852 1073 carnem
870 1033 898 1073 et
915 1036 981 1072 ossa
998 1039 1053 1073 non
1067 1023 1156 1084 habet,
1170 1025 1239 1074 steut
1254 1023 1300 1074 Me
1314 1025 1411 1076 videtis

423 1089 523 1152 hebere
531 1087 546 1109 ”
557 1088 630 1148 (Luc.
643 1089 714 1138 xxiv.
726 1085 830 1154 36-38[,
840 1087 896 1154 ³9])
907 1105 913 1151 ;

293 1243 354 1305 per
371 1243 459 1306 quae
477 1221 652 1298 indicavit,
672 1223 764 1306 quod
783 1243 853 1288 non
873 1226 977 1290 modo
995 1226 1040 1290 sit
1058 1225 1164 1289 homo
1182 1225 1296 1308 quoad
1314 1225 1411 1310 spiri·

293 1329 378 1392 tum,
399 1318 460 1382 sed
480 1317 586 1380 etiam
605 1317 720 1400 quoad
739 1337 872 1402 corpus

354 1423 448 1494 317·
478 1409 530 1476 Ut
560 1412 687 1474 sciatur
709 1411 801 1494 quod
828 1411 934 1478 homo
963 1423 1043 1498 post
1072 1423 1221 1478 mortem
1247 1413 1354 1490 vivat,
1375 1423 1412 1478 et

292 1505 479 1570 secundum
495 1505 603 1570 vitam
620 1525 715 1569 suam
734 1507 769 1568 in
788 1507 917 1570 mundo
928 1509 1046 1571 veniat
1064 1507 1120 1571 vel
1139 1507 1173 1571 in
1192 1506 1337 1584 caelum,
1355 1507 1411 1572 vel

292 1601 325 1663 in
340 1599 519 1675 infernum,
537 1599 757 1663 manifestata
773 1600 856 1663 mihi
874 1611 955 1665 sunt
974 1602 1071 1686 plura
1090 1603 1133 1666 de
1152 1611 1248 1666 statu
1262 1601 1411 1666 hominis

291 1703 371 1776 post
394 1703 566 1772 mortem3
596 1693 639 1757 de
662 1693 782 1776 quibus
811 1695 845 1758 in
875 1696 1109 1780 sequentibus,
1130 1696 1187 1761 ubi
1216 1697 1259 1761 de
1281 1698 1411 1762 mundo

291 1787 479 1872 spirituum,
500 1787 619 1852 ordine
637 1797 769 1870 agetur.

747 2241 949 2330 [xxxvi]

322 2429 378 2492 Du
409 2428 602 2496 Grunsus
632 2441 701 2494 suu
731 2427 891 2586 Poguurs
915 2429 1049 2494 Exrnn
1083 2425 1305 2495 Eccnusnu
1334 2443 1377 2494 ru

809 2533 922 2586 num.

349 2706 445 2790 318.
476 2707 676 2772 Communis
692 2705 806 2793 opinio
824 2713 891 2782 est,
911 2703 1004 2789 quod
1022 2704 1072 2771 illi
1094 2705 1150 2790 qui
1173 2713 1275 2770 extra
1292 2703 1404 2770 eccie-

287 2805 372 2868 siam
401 2804 474 2866 nati
503 2812 595 2875 sunt,
615 2801 672 2883 qui
702 2800 835 2864 Gentes
863 2819 924 2864 seu
953 2799 1112 2865 Gentiles
1134 2809 1315 2876 vocantur,
1335 2819 1405 2864 non

287 2900 419 2981 possint
438 2896 574 2971 salvari,
594 2916 639 2958 ex
660 2914 763 2958 causa
780 2895 859 2977 quia
878 2914 947 2957 non
965 2893 1096 2958 habent
1112 2893 1277 2971 Verbum,
1297 2915 1336 2958 ac
1355 2895 1406 2959 ita

286 2995 447 3078 ignorant
472 2992 668 3065 Dominum,
693 2999 729 3053 et
759 2989 887 3072 absque
912 2989 1062 3052 Domino
1084 2987 1179 3052 nulla
1201 2989 1312 3053 salus:
1343 2991 1405 3053 sed

286 3111 390 3174 usque
409 3111 454 3153 ex
474 3087 534 3151 ilio
553 3085 629 3149 solo
645 3085 723 3148 sciri
742 3091 871 3167 potest,
889 3085 980 3166 quod
1000 3085 1049 3146 illi
1065 3103 1200 3166 quoque
1216 3083 1403 3162 salventur,

285 3187 362 3268 quia
392 3183 531 3247 Domini
561 3179 793 3264 misericordis
822 3187 876 3242 est
905 3179 1118 3253 universalis,
1142 3178 1208 3241 hoc
1235 3189 1300 3254 est,
1320 3199 1405 3261 erga

285 3280 458 3362 singulos3
482 3277 574 3360 quod
593 3275 642 3339 iili
662 3295 770 3357 aeque
790 3283 977 3338 nascantur
995 3274 1151 3336 homines
1170 3274 1258 3337 sicut
1277 3275 1333 3356 qui
1352 3277 1404 3337 in·

285 3385 338 3438 tra
360 3374 553 3448 ecclesiam,
573 3372 629 3454 qui
652 3370 750 3451 pauci
770 3378 849 3432 sunt
869 3366 1077 3450 respeEtive3
1107 3368 1268 3450 quodque
1286 3387 1403 3433 eorum

284 3469 385 3552 culpa
404 3489 473 3532 non
492 3469 536 3529 sit
559 3465 651 3549 quod
671 3465 833 3546 ignorent
854 3463 1050 3527 Dominum.
1096 3460 1260 3546 Quisque,
1278 3464 1334 3546 qui
1357 3485 1403 3528 ex

283 3563 396 3647 aliqua
414 3565 546 3627 ratione
566 3559 739 3623 illustrata
760 3561 905 3643 cogitat,
926 3561 1042 3624 videre
1061 3568 1192 3643 potest,
1212 3559 1303 3641 quod
1327 3559 1402 3622 nul-

284 3657 337 3721 lus
355 3658 459 3721 homo
481 3658 524 3720 ad
548 3655 713 3718 infernum
735 3666 838 3720 natus
860 3659 925 3736 sit;
956 3665 1011 3721 est
1033 3657 1124 3718 enim
1144 3653 1312 3716 Dominus
1331 3654 1404 3736 ipse

284 3752 404 3828 Amor,
424 3761 460 3816 et
489 3751 600 3814 Amor
630 3751 741 3832 Ipsius
772 3762 826 3816 est
851 3751 941 3816 veile
968 3751 1103 3816 salvare
1129 3767 1268 3846 omnes:
1299 3769 1403 3831 quare

283 3848 387 3911 etiam
404 3846 562 3930 providit,
580 3857 617 3911 ut
637 3848 794 3912 omnibus
811 3849 933 3933 religio
952 3850 1005 3926 sit,
1023 3869 1063 3914 ac
1083 3844 1254 3932 perillam
1271 3844 1403 3926 agnitio

284 3942 408 4016 Divini,
428 3962 468 4005 ac
487 3943 560 4006 vita
578 3945 741 4024 interior;
767 3966 846 4010 nam
865 3947 980 4010 vivere
999 3941 1185 4008 secundum
1204 3939 1401 4020 religiosum

283 4045 336 4099 est
357 4037 499 4101 interius
517 4041 651 4120 vivere;
676 4039 811 4126 spetiat
831 4043 922 4106 enim
941 4052 1024 4104 tunc
1048 4039 1221 4112 Divinum,
1241 4045 1277 4099 et
1294 4054 1400 4117 quan-

282 4143 355 4196 tum
374 4133 439 4198 hoc
459 4135 594 4218 speEtat
613 4149 747 4203 tantum
767 4159 837 4203 non
857 4134 991 4221 spe&at
1011 4134 1186 4208 mundum,
1208 4132 1268 4195 sed
1288 4149 1400 4194 remo·

282 4237 339 4292 vet
350 4250 387 4292 se
400 4250 421 4292 a
433 4231 571 4310 mundo,
584 4235 635 4298 ita
646 4255 666 4297 a
677 4235 750 4297 vita
763 4233 891 4308 mundi,
902 4251 989 4314 quae
1004 4239 1059 4294 est
1071 4229 1144 4292 vita
1155 4221 1385 4292 exterior.<”¹'‘)
1416 4315 1419 4328 Ι

670 4449 720 4502 [tu
732 4445 1012 4498 numennumen

335 4551 417 4620 (mm)
442 4549 533 4624 Quod
551 4558 658 4624 gentes
675 4565 770 4621 aeque
788 4546 942 4604 salventur
956 4559 991 4601 ae
1009 4542 1173 4602 Christiani
1189 4543 1231 4614 (n.
1246 4555 1307 4622 9³²·
1324 4555 1399 4614 1032.

285 4637 359 4722 i⁰⁵⁹·
374 4621 451 4689 2284.
466 4621 544 4692 2589·
558 4635 635 4692 2590,
650 4619 925 4691 ³778.4¹90·4197)·
