3382 5358
395 678 684 731 IIABlTATlONES
708 677 755 727 ΕΤ
779 675 999 728 MANSIONES
1022 671 1274 724 ANGELORUM.
1343 671 1403 738 107

282 852 447 939 Inquisivi
464 849 639 917 unde'illis
655 855 783 926 vestes,
801 857 837 912 et
856 847 1019 912 dixerunt
1039 845 1130 929 quod
1149 866 1170 908 a
1189 843 1349 917 Domino,
1366 849 1403 906 et

282 949 374 1033 quod
397 946 570 1012 donentur
599 945 677 1022 illis,
701 955 738 1010 et
771 944 863 1028 quod
890 941 1095 1026 quandoque
1121 941 1313 1004 vestiantur
1336 935 1403 1002 illis

282 1043 526 1108 nescientibus.
573 1041 745 1105 Dixerunt
761 1040 878 1114 etiam,
893 1037 984 1122 quod
1001 1046 1179 1104 mutentur
1194 1043 1310 1100 vestes
1325 1031 1403 1096 illo·

282 1157 368 1214 rum,
387 1147 424 1202 et
447 1136 539 1221 quod
562 1135 630 1200 illis
653 1143 770 1199 vestes
793 1135 827 1198 in
851 1133 961 1216 primo
984 1141 1020 1196 et
1044 1131 1197 1195 secundo
1215 1138 1310 1194 statu
1333 1129 1403 1190 sint

282 1233 484 1316 splendidae
500 1242 535 1296 et
552 1230 732 1305 candidae,
747 1229 780 1294 in
796 1231 900 1294 tertio
916 1238 952 1292 et
970 1236 1093 1311 quarto
1110 1225 1212 1307 paulo
1228 1223 1403 1287 obscurio-

282 1349 346 1404 res,
366 1337 403 1392 et
421 1327 487 1391 hoc
507 1346 641 1410 quoque
660 1347 705 1390 ex
724 1323 1041 1406 correspondentia,
1059 1323 1137 1404 quia
1155 1319 1223 1384 illis
1239 1317 1404 1382 mutatio·

284 1443 345 1488 nes
367 1433 481 1487 status
511 1430 590 1486 sunt
614 1419 728 1505 quoad
751 1419 1020 1502 intelligentiam
1048 1427 1084 1482 et
1113 1415 1317 1500 sapientiam
1345 1411 1404 1496 (de

282 1518 404 1601 quibus
422 1518 581 1582 videatur
599 1536 711 1599 supra,
731 1535 764 1579 n.
788 1513 959 1598 154-161).

345 1612 437 1680 182.
468 1610 557 1695 Quia
585 1621 703 1675 vestes
733 1611 854 1694 cuique
893 1611 927 1674 in
962 1607 1091 1672 mundo
1121 1603 1289 1690 spirituali
1322 1611 1404 1668 sunt

283 1707 470 1772 secundum
497 1705 776 1789 intelligentiam,
800 1707 851 1769 ita
880 1704 1068 1768 secundum
1095 1722 1178 1765 vera
1207 1721 1253 1764 ex
1284 1699 1405 1784 quibus

282 1803 525 1886 intelligentia,
545 1802 624 1867 ideo
652 1802 701 1866 illi
731 1801 787 1886 qui
815 1801 850 1865 in
880 1799 1030 1874 infernis,
1055 1799 1134 1882 quia
1163 1797 1292 1879 absque
1315 1796 1404 1859 veris

283 1906 374 1974 sunt,
394 1898 532 1981 quidem
551 1907 720 1980 apparent
740 1897 851 1960 induti
869 1895 1035 1970 vestibus,
1056 1894 1116 1957 sed
1136 1891 1268 1966 laceris,
1288 1889 1403 1973 squal-

284 1992 360 2057 lidis
389 2003 426 2058 et
456 1993 567 2068 tetris,
599 1993 741 2076 quisque
770 1991 959 2055 secundum
989 2009 1085 2052 suam
1115 1988 1304 2064 insaniam;
1339 2005 1402 2048 nec

283 2098 427 2172 possunt
445 2087 522 2151 aliis
540 2087 652 2151 indui:
676 2088 777 2152 datur
795 2085 863 2149 illis
882 2105 903 2148 a
921 2085 1071 2148 Domino
1089 2081 1219 2159 vestiri,
1236 2100 1280 2144 ne
1298 2097 1404 2164 appa·

283 2192 381 2248 reant
401 2182 492 2246 nudi.

691 2383 995 2402 ——n-un-

779 2564 908 2652 [xxc]

304 2743 362 2810 De
385 2743 722 2811 Hnorrnmournus
746 2757 795 2808 su
818 2743 1088 2810 Mnusroruous
1110 2741 1374 2809 Auonuonuu.

345 2918 443 3000 183·
473 2916 645 3000 Quoniam
675 2919 709 2982 in
740 2917 839 2982 caelo
869 2919 1060 2982 societates
1089 2925 1181 2994 sunt,
1213 2926 1250 2981 et
1283 2918 1403 2981 vivunt

282 3012 370 3076 sicut
388 3012 557 3088 homines,
577 3015 657 3078 ideo
676 3013 782 3078 etiam
801 3013 869 3077 illis
892 3023 973 3078 sunt
992 3013 1241 3089 habitationes,
1266 3021 1302 3076 et
1325 3010 1418 3076 illae'

283 3127 417 3192 quoque
435 3109 548 3174 variae
567 3110 756 3173 secundum
775 3118 906 3172 statum
930 3109 1023 3172 vitae
1046 3108 1212 3189 cujusvis;
1247 3106 1402 3190 magnifi-

282 3222 345 3266 cae
367 3202 435 3268 illis
457 3205 513 3286 qui
543 3205 576 3268 in
602 3203 749 3286 digniori
772 3213 867 3267 statu
890 3213 982 3278 sunt,
1006 3211 1042 3266 et
1066 3203 1177 3266 minus
1201 3201 1403 3284 magnificae

282 3297 420 3381 illisqui
440 3299 474 3362 in
490 3299 648 3363 inferiori.
695 3299 747 3362 De
760 3299 1035 3362 habitationibus
1055 3299 1088 3360 in
1108 3297 1206 3362 caelo
1222 3298 1404 3381 aliquoties

283 3411 360 3456 cum
379 3393 512 3474 angelis
531 3393 666 3456 locutus
685 3413 780 3474 sum;
807 3404 842 3458 et
866 3394 950 3469 dixi,
971 3393 1063 3477 quod
1082 3393 1184 3458 hodie
1203 3395 1263 3456 vix
1282 3393 1404 3476 aliquis

283 3488 472 3552 crediturus
484 3489 540 3564 sit,
553 3489 644 3571 quod
661 3488 860 3552 habitacula
873 3499 909 3553 et
925 3490 1121 3554 mansiones
1134 3489 1201 3552 illis
1214 3489 1283 3553 sint
1298 3511 1306 3568 ;
1330 3491 1403 3572 qui-

283 3582 362 3646 dam
381 3603 427 3646 ex
446 3601 550 3646 causa
568 3585 647 3665 quia
666 3603 735 3646 non
753 3584 873 3647 vident
892 3583 973 3662 illa;
996 3585 1135 3667 quidam
1153 3585 1231 3668 quia
1250 3604 1319 3648 non
1338 3587 1403 3648 sci-

283 3688 344 3740 unt
363 3677 455 3760 quod
474 3677 590 3760 angeli
605 3677 762 3742 homines
781 3680 870 3756 sint;
895 3679 1032 3762 quidam
1052 3681 1130 3762 quia
1148 3681 1293 3744 credunt
1312 3682 1403 3764 quod

282 3771 415 3836 caelum
431 3773 625 3854 angelicum
642 3774 687 3838 sit
704 3773 837 3838 caelum
854 3775 945 3857 quod
961 3771 1138 3856 spedtatur
1153 3773 1260 3838 oculis
1277 3776 1403 3840 circum

283 3866 374 3942 illos,
389 3868 480 3950 quod
499 3869 577 3950 quia
596 3869 698 3932 inane
717 3879 873 3952 apparet,
893 3879 929 3934 et
949 3879 1074 3952 putant
1093 3870 1185 3952 quod
1201 3870 1317 3952 angeli
1336 3872 1404 3934 sint

282 3961 410 4026 formae
439 3963 613 4038 aetherae,
645 3964 857 4028 concludunt
891 3965 982 4047 quod
1017 3965 1049 4028 in
1084 3965 1225 4030 aethere
1258 3967 1401 4038 vivant:

283 4068 471 4140 praeterea,
495 4059 587 4141 quod
618 4059 652 4121 in
683 4059 811 4122 mundo
840 4059 1008 4142 spirituali
1038 4061 1109 4124 sint
1139 4060 1224 4124 talia
1253 4081 1340 4144 quae
1369 4063 1403 4124 in

282 4153 410 4217 mundo
433 4153 592 4228 naturali,
617 4173 686 4216 non
710 4156 862 4237 capiunt,
887 4157 965 4237 quia
988 4155 1072 4218 nihil
1096 4157 1209 4220 sciunt
1232 4156 1275 4219 de
1305 4158 1402 4239 spiri-

282 4247 376 4312 tuali.
421 4247 551 4330 Angeli
570 4249 732 4313 dixerunt
751 4251 843 4333 quod
862 4252 973 4314 sciant
992 4251 1083 4334 quod
1107 4250 1187 4316 talis
1209 4251 1404 4334 ignorantia

280 4351 404 4426 regnet
431 4343 534 4408 hodie
564 4345 598 4407 in
629 4345 767 4420 mundo,
788 4356 836 4422 et,
861 4347 951 4430 quod
983 4348 1107 4422 mirati,
1132 4349 1283 4410 maxime
1313 4347 1403 4410 intra

281 4438 484 4518 ecclesiam
507 4460 548 4504 ac
565 4441 611 4504 ibi
631 4441 707 4522 plus
723 4442 813 4524 apud
830 4442 1079 4525 intelligentes,
1097 4461 1198 4527 quam
1215 4441 1306 4526 apud
1325 4441 1404 4504 illos

282 4553 368 4618 quos
384 4543 511 4600 vocant
528 4535 721 4619 simplices:
746 4537 908 4601 dixerunt
924 4558 1036 4621 porro,
1054 4538 1145 4622 quod
1164 4538 1250 4602 scire
1269 4537 1402 4619 possint

282 4647 329 4696 ex
352 4627 471 4694 Verbo
497 4631 588 4714 quod
618 4629 735 4714 angeli
761 4629 920 4698 homines
948 4635 1030 4712 sint,
1054 4635 1227 4718 quoniam,
1252 4634 1308 4718 qui
1339 4633 1402 4696 visi
