3368 5356
388 669 545 722 CAELUM
570 667 638 721 EST
661 668 896 722 DISTINCTUM
921 669 961 721 IN
985 669 1064 722 Duo
1087 671 1229 724 REGNA.
1333 675 1371 726 21

253 847 347 932 quod
367 847 564 911 interiorem
582 845 785 911 felicitatem
806 845 1007 930 percipiant,
1027 862 1129 930 quam
1148 847 1289 911 vocibus
1310 865 1374 911 err·

256 944 400 1025 primere
420 952 560 1025 queunt,
581 943 741 1006 dolentes
760 942 860 1006 valde
879 942 970 1024 quod
993 943 1026 1006 in
1045 943 1226 1025 pristinum
1245 951 1375 1006 statum

255 1037 416 1102 redirent.
461 1035 533 1100 Alii
549 1037 655 1101 etiam
668 1035 796 1100 elevati
808 1045 888 1100 sunt
904 1037 937 1098 in
953 1036 1107 1117 caelum;
1130 1045 1166 1104 et
1182 1039 1269 1101 sicut
1285 1039 1375 1101 inte-

254 1135 323 1197 rius
345 1151 404 1196 seu
427 1131 528 1196 altius
551 1131 676 1196 sublati
699 1141 790 1207 sunt,
810 1132 859 1195 ita
881 1131 1095 1196 intraverunt
1119 1133 1152 1194 in
1175 1132 1374 1214 intelligen-

254 1229 339 1293 tiam
361 1237 397 1292 et
421 1227 634 1309 sapientiam,
655 1237 693 1292 ut
716 1228 890 1310 percipere
914 1237 1067 1309 possent,
1087 1246 1174 1310 quae
1196 1229 1286 1310 prius
1309 1227 1376 1292 illis

252 1323 612 1405 incomprehensibilia
634 1321 779 1386 suerunt.
825 1319 911 1385 Inde
934 1329 1043 1403 patet,
1063 1323 1154 1404 quod
1178 1339 1274 1386 amor
1296 1343 1375 1404 pro-

255 1419 382 1483 cedens
399 1439 420 1481 a
439 1418 590 1481 Domino
608 1417 652 1481 sit
670 1416 925 1498 receptaculum
945 1417 1031 1479 caeli
1051 1427 1087 1480 et
1105 1419 1257 1480 omnium
1276 1417 1331 1480 lbi.

319 1527 389 1595 19.
413 1510 514 1594 Quod
534 1531 631 1575 amor
649 1512 683 1574 in
703 1511 888 1576 Dominum
908 1521 944 1574 et
963 1529 1060 1574 amor
1078 1529 1161 1592 erga
1179 1513 1374 1593 proximum

255 1607 550 1690 comprehendant
573 1607 606 1669 ln
630 1627 667 1670 se
689 1607 804 1670 omnia
822 1624 903 1670 vera
922 1606 1058 1682 Divina,
1078 1616 1238 1671 constare
1256 1617 1374 1689 potest

253 1723 299 1767 ex
318 1702 385 1766 illis
403 1723 489 1785 quae
510 1702 588 1786 Ipse
608 1701 775 1766 Dominus
794 1702 837 1765 de
856 1701 944 1765 binis
962 1701 1029 1766 illis
1047 1702 1220 1766 amoribus
1239 1702 1374 1767 locutus

254 1807 319 1873 est,
339 1797 498 1872 dicendo,

305 1935 321 1956 ¹⁴
329 1931 455 1982 Amabis.
466 1931 566 1982 .Deum
578 1941 653 1981 tuum
665 1946 699 1980 ex
711 1931 860 1981 totocorde
873 1942 920 1981 tuo
932 1943 959 1982 et
971 1946 1005 1981 ex
1018 1941 1075 1981 tota
1086 1932 1178 1982 anima
1190 1940 1281 1983 tua...
1296 1947 1302 1990 ς
1320 1933 1371 1982 lroc

384 2008 426 2076 est
438 2007 609 2060 praeceptum
620 1997 767 2076 maximum
780 2007 807 2046 et
820 1998 934 2075 primum
945 2011 951 2056 ;
969 1998 1128 2076 secusdum.
1139 1999 1222 2061 .quod
1232 1997 1320 2076 simile
1331 2009 1374 2048 est

384 2063 536 2192 lassi
550 2063 1373 2192 mellitissimi<lsa¹ll¹slf5ssl¹z>f¹¹²⁰b¹¹⁵

256 2259 361 2324 “Lex
383 2269 419 2324 et
442 2259 658 2342 Prophetae”
676 2269 757 2324 sunt
781 2268 893 2323 totum
916 2257 1081 2336 Verbum,
1104 2260 1153 2324 ita
1176 2279 1277 2324 omne
1300 2258 1372 2325 Ve-

253 2373 326 2420 rum
345 2353 517 2419 Divinum.

626 2576 1001 2590 m

769 2793 864 2882 [Ν]

327 3002 441 3088 Quos
464 3001 627 3070 Casum
647 3017 884 3069 msrmcruu
904 3017 963 3068 sm
985 3017 1026 3068 uu
1050 3015 1128 3068 ouo
1152 3002 1301 3066 Ruunn.

314 3223 385 3277 ao.
415 3209 587 3294 Quoniam
606 3211 640 3274 in
659 3210 757 3274 caelo
773 3219 853 3274 sunt
869 3207 1021 3274 infinitae
1037 3211 1233 3286 varietates,
1251 3219 1288 3274 et
1306 3230 1373 3274 una

251 3306 401 3370 societas
416 3325 485 3370 non
502 3327 638 3388 prorsus
653 3305 773 3368 similis
789 3305 897 3379 alteri,
915 3325 957 3368 ne
973 3305 1110 3387 quidem
1127 3324 1213 3368 unus
1228 3304 1373 3386 angelus

251 3397 419 3477 alteriffll
436 3401 516 3464 ideo
537 3401 760 3482 distinguitur
782 3399 914 3464 caelum
936 3401 971 3462 in
994 3400 1177 3476 communi,
1201 3400 1235 3462 in
1257 3399 1372 3480 specie

251 3504 288 3559 et
311 3497 345 3559 in
368 3505 486 3578 parte;
516 3496 550 3559 in
573 3496 746 3559 communi
768 3495 802 3558 in
826 3495 894 3558 duo
911 3514 1030 3576 regna,
1049 3495 1083 3558 in
1107 3493 1221 3576 specie
1244 3494 1278 3556 in
1301 3503 1373 3558 tres

251 3589 377 3666 caelos,
397 3609 436 3654 ac
456 3591 490 3654 in
509 3599 607 3672 parte
626 3589 660 3653 in
679 3590 876 3654 innumeras
894 3590 1083 3653 societaes:
1115 3589 1159 3652 de
1177 3587 1319 3671 singulis
1337 3589 1371 3650 in

651 3818 690 3869 ln
702 3827 799 3860 nucum
810 3819 972 3871 mmm)

307 3917 375 3990 (dd)
395 3917 484 3992 Quod
508 3917 625 3976 infinita
645 3919 775 3976 varietas
793 3919 842 3982 sit.
858 3931 889 3976 et
908 3935 1054 3992 nusquam
1071 3919 1184 3992 aliquid
1204 3921 1283 3978 idem
1303 3937 1372 3979 cum

251 3989 347 4046 altero
360 3993 401 4059 (n.
416 3990 494 4059 7236,
507 3991 599 4061 9002).

253 4060 395 4200 mguod
410 4061 500 4116 etiarn
519 4060 550 4115 in
565 4059 656 4116 caelis
671 4059 789 4116 inlinita
801 4061 931 4117 varietas
947 4061 985 4117 alt
1001 4063 1042 4131 (n,
1051 4059 1112 4129 681„
1124 4061 1185 4131 690,
1200 4075 1277 4133 3744,
1295 4061 1371 4134 5598,

305 4199 395 4273 Quod
404 4202 566 4258 varietates
578 4202 610 4257 in
622 4203 713 4258 caelis
724 4202 786 4258 sint
796 4204 958 4260 veneuntes
970 4204 1041 4260 boni
1056 4206 1097 4274 (n.
1110 4216 1187 4274 3744,
1199 4215 1279 4274 4005,
1292 4204 1371 4274 7²³⁶.

254 4271 630 4428 ¹78³ssu⁷536pe95icziomnes
645 4343 806 4428 societates
822 4344 852 4399 in
868 4345 965 4407 caelis.
982 4356 1013 4400 et
1028 4343 1232 4417 unusquisque
1247 4345 1372 4416 angelus

255 4427 283 4466 rn
297 4423 450 4476 societate,
461 4429 479 4467 a
491 4429 523 4468 se
537 4429 664 4468 mvrcem
676 4413 811 4469 drstmtli
820 4416 881 4471 sint
896 4417 936 4485 (n.
949 4415 1009 4485 690,
1026 4431 1103 4484 3241,
1115 4429 1192 4486 3519,
1203 4415 1281 4485 3804
1293 4413 1371 4485 3986,

256 4483 606 4608 confirmatum.
622 4485 701 4554 ⁷⁸33,
717 4485 808 4554 783⁶)·
857 4555 863 4572 ,
1266 4557 1272 4570 ,

302 4585 304 4588 -
379 4555 462 4694 διιοᾱ
474 4569 570 4626 usque
582 4569 688 4612 omncs
701 4571 794 4612 unum
808 4555 918 4612 lactant
932 4573 985 4628 per
996 4571 1128 4612 amorem
1148 4571 1167 4612 a
1184 4555 1316 4612 Domino
1330 4559 1370 4624 (n.

253 4636 314 4694 ⁴57»
328 4623 379 4694 39⁸
412 4665 419 4682 ·
