3350 5366
400 643 539 696 paruus
562 641 704 696 scarus
729 639 893 692 nonnus
918 637 1007 690 ross
1031 635 1206 688 aroucam.
1310 635 1371 700 3¹3

254 815 426 898 366-386).
469 814 626 898 Jucunda
643 831 760 878 eorum
776 820 934 886 externa,
955 807 1038 872 talia
1055 815 1146 883 sunt,
1166 814 1204 870 ut
1224 824 1293 868 non
1312 807 1372 870 de·

252 912 353 978 scribi
379 911 521 976 vocibus
550 909 708 973 humanis
739 905 883 989 possint.
929 903 997 968 Sed
1028 903 1113 966 haec
1141 921 1251 983 pauca
1279 911 1372 973 sunt,

251 1028 338 1090 quae
368 1007 412 1071 de
442 1003 757 1088 correspondentiis
783 1001 1008 1086 jucundorum
1031 997 1122 1081 apud
1145 997 1223 1062 illos
1250 997 1306 1078 qui
1338 997 1371 1058 in

251 1104 395 1168 caelesti
414 1121 530 1166 amore
550 1111 641 1176 sunt,
661 1097 862 1162 dictasunt.
1109 1093 1112 1100 '

314 1215 420 1284 49⁰.
451 1197 509 1260 Ex
527 1197 579 1260 his
599 1197 677 1260 sciri
696 1201 826 1278 potest,
846 1193 937 1277 quod
954 1191 1106 1274 jucunda
1122 1191 1275 1254 omnium
1295 1197 1374 1270 post

252 1305 400 1360 mortem
416 1302 595 1358 vertantur
611 1293 644 1354 in
661 1289 977 1372 correspondente,
995 1295 1160 1352 manente
1175 1304 1283 1367 usque
1299 1285 1373 1365 ipso

251 1407 367 1452 amore
390 1388 424 1450 in
448 1397 648 1464 aeternum;
683 1393 783 1468 prout
806 1401 903 1448 amor
926 1380 1139 1464 conjugialis,
1162 1397 1259 1444 amor
1277 1377 1372 1460 justi,

252 1481 385 1558 sinceri,
410 1481 502 1556 boni,
527 1491 562 1544 et
586 1480 667 1552 veri,
691 1497 788 1541 amor
806 1475 1026 1540 scientiarum
1053 1484 1090 1538 et
1123 1473 1372 1556 cognitionum,

251 1594 348 1638 amor
376 1573 629 1655 intelligentiae
660 1581 696 1636 et
729 1569 930 1654 sapientiae,
954 1589 994 1632 ac
1025 1567 1163 1650 reliqui:
1198 1565 1258 1630 illa
1286 1585 1373 1648 quac

251 1667 330 1732 inde
345 1665 457 1730 'fluunt
474 1669 562 1730 sicut
586 1667 647 1730 rivi
667 1685 688 1728 a
706 1685 767 1728 suo
786 1665 894 1738 sonte,
911 1672 991 1726 sunt
1004 1661 1165 1743 jucunda,
1183 1681 1269 1742 quae
1288 1679 1373 1742 quo·

251 1781 316 1844 que
343 1769 559 1844 permanent,
584 1759 645 1824 sed
676 1757 878 1822 exaltantur
906 1757 950 1820 ad
981 1756 1188 1838 superiorem
1217 1753 1372 1836 gradum,

252 1873 329 1918 cum
349 1875 369 1918 a
387 1853 601 1918 naturalibus
620 1853 664 1916 ad
684 1850 883 1936 spiritualia.

649 2111 964 2125 m

768 2329 858 2415 [ut]

379 2515 437 2580 Ds
461 2517 584 2580 Pramo
608 2513 734 2580 srnru
756 2515 926 2580 Hounus
949 2527 1040 2580 rosa
1062 2513 1246 2580 Monrau.

315 2715 415 2784 491·
446 2697 533 2762 Sunt
553 2709 623 2763 tres
643 2707 756 2762 status
775 2718 860 2781 quos
879 2699 985 2764 homo
1002 2699 1093 2764 subit
1112 2708 1192 2780 post
1212 2707 1372 2776 mortem,

252 2803 438 2877 antequam
462 2793 517 2858 vel
548 2795 582 2856 in
606 2793 739 2857 caelum
759 2793 815 2856 vel
846 2795 879 2856 in
902 2794 1070 2858 infernum
1093 2796 1198 2857 venit.
1244 2793 1373 2858 Primus

252 2900 364 2954 status
380 2899 434 2954 est
450 2892 660 2954 exteriorum
676 2888 745 2971 ejus
760 2911 767 2968 ;
792 2889 961 2954 secundus
978 2899 1089 2953 status
1102 2899 1157 2954 est
1173 2889 1373 2954 interiorum

251 2985 321 3066 ejus
338 3007 346 3064 ;
376 2995 412 3048 et
432 2987 556 3048 tertius
573 2996 687 3048 status
706 2996 760 3050 est
781 2985 1052 3068 praeparationis
1071 2985 1163 3068 ejus:
1188 2985 1294 3050 homo
1309 2987 1374 3050 hos

252 3092 364 3146 status
394 3081 485 3144 subit
515 3082 548 3144 in
580 3081 709 3145 mundo
738 3081 928 3163 spirituum.
973 3079 1122 3162 Quidam
1146 3091 1261 3144 autem
1281 3093 1372 3158 sunt,

252 3179 308 3260 qui
331 3177 394 3240 hos
417 3187 530 3240 status
553 3197 622 3240 non
646 3177 805 3252 subeunt,
825 3177 886 3240 sed
910 3179 1030 3240 statim
1050 3185 1129 3261 post
1146 3187 1294 3242 mortem
1318 3177 1373 3242 vel

252 3273 448 3336 auferuntur
471 3273 505 3334 in
528 3273 673 3346 caelum,
694 3271 750 3336 vel
773 3272 1001 3352 conjiciuntur
1022 3272 1057 3336 in
1080 3271 1259 3336 infernum.
1305 3272 1371 3348 Illi,

252 3371 307 3454 qui
326 3369 446 3432 statim
462 3368 657 3434 auferuntur
676 3371 710 3431 in
730 3367 875 3445 caelum,
893 3379 972 3432 sunt
992 3370 1049 3452 qui
1067 3369 1262 3450 regenerati
1280 3381 1371 3444 sunt,

252 3477 287 3530 et
308 3465 355 3528 sic
370 3465 419 3552 ‚acl
439 3465 572 3528 caelum
593 3465 788 3548 praeparati
810 3465 844 3528 in
864 3465 1011 3528 mundo:
1036 3465 1092 3546 qui
1111 3465 1160 3528 ita
1178 3468 1373 3546 regenerati

252 3571 287 3625 et
311 3560 504 3644 praeparati
523 3571 614 3635 sunt,
634 3570 672 3624 ut
696 3561 800 3624 modo
819 3579 905 3642 opus
924 3559 1077 3623 habeant
1095 3559 1234 3640 rejicere
1253 3562 1373 3625 sordes

252 3652 426 3719 naturales
449 3673 526 3718 cum
549 3675 704 3738 corpore,
723 3653 772 3718 illi
791 3653 910 3719 statim
940 3655 984 3719 ab
1013 3655 1145 3736 angelis
1175 3657 1207 3720 in
1239 3657 1372 3722 caelum

251 3751 404 3814 feruntur
417 3772 424 3830 ;
438 3751 519 3834 ,vidi
535 3751 691 3816 sublatos
705 3761 783 3834 post
800 3753 921 3816 mortis
933 3752 1063 3815 horam.
1109 3750 1176 3834 Qui
1192 3763 1308 3815 autem
1320 3753 1373 3816 in-

251 3847 355 3910 terius
366 3846 529 3917 malitiosi
542 3847 687 3924 suerunt,
699 3857 735 3910 et
746 3849 899 3912 exterius
912 3848 955 3910 ad
969 3848 1204 3930 apparentiam
1217 3848 1309 3923 boni,
1324 3849 1373 3912 ita

252 3943 307 4026 qui
326 3941 556 4026 impleverunt
575 3943 828 4024 malignitatem
848 3961 944 4006 suam
963 3943 1062 4017 dolis,
1083 3963 1122 4006 ac
1146 3943 1303 4006 bonitate
1322 3944 1373 4006 usi

252 4059 313 4122 pro
329 4037 444 4102 medio
454 4038 589 4114 doloso,
603 4038 652 4102 illi
665 4039 785 4102 statim
801 4041 834 4102 in
852 4039 1018 4101 infernum
1031 4037 1258 4119 conjiciuntur
1272 4059 1280 4115 ;
1303 4039 1372 4102 vidi

252 4133 383 4216 aliquot
407 4131 496 4198 tales
516 4133 636 4196 statim
659 4143 739 4216 post
763 4143 909 4197 mortem
929 4129 1104 4214 conjectos
1127 4133 1160 4194 in
1184 4131 1371 4210 infernum

252 4246 354 4291 unum
371 4227 626 4292 dolosissimum
642 4229 758 4310 capite
771 4229 930 4292 deorsum
947 4237 982 4292 et
998 4228 1142 4310 pedibus
1158 4245 1290 4288 sursum
1305 4248 1313 4303 ;
1337 4236 1373 4290 et

251 4323 339 4386 alios
357 4323 467 4386 aliter.
514 4321 601 4388 Sunt
626 4343 760 4406 quoque
779 4324 974 4406 quistatim
994 4332 1074 4404 post
1093 4331 1241 4384 mortem
1261 4320 1364 4401 rejici·

252 4427 352 4482 untur
369 4419 404 4481 in
424 4438 601 4494 cavernas,
621 4429 657 4482 et
677 4421 724 4482 sic
745 4429 947 4501 separantur
965 4419 1010 4481 ab
1028 4419 1094 4484 illis
1113 4420 1170 4500 qui
1188 4419 1222 4481 in
1243 4417 1371 4480 mundo

252 4515 430 4596 spirituum
454 4525 545 4590 sunt,
570 4533 608 4578 ac
632 4515 712 4578 inde
735 4517 933 4578 eximuntur
962 4525 997 4578 et
1027 4515 1107 4577 illuc
1136 4515 1372 4578 immittuntur

253 4631 312 4692 per
331 4611 446 4688 vices;
476 4609 510 4673 hi
534 4619 614 4676 sunt
633 4610 688 4693 qui
708 4611 770 4674 sub
789 4620 973 4692 praetextu
993 4610 1082 4674 civili
1099 4610 1271 4674 malitiose
1288 4629 1369 4691 ege·
