3350 5366
309 607 371 690 366
628 622 679 674 ua
701 621 832 675 cauno
854 625 902 674 nr
925 625 1110 678 rusanuo.

305 802 360 858 est
383 815 429 858 ex
447 791 696 858 incalescentia
714 795 819 860 animi
843 805 879 860 et
901 795 983 860 inde
1002 797 1154 879 corporis
1175 817 1222 862 ex
1245 815 1374 876 amore,
1394 809 1431 865 et

306 889 493 954 secundum
511 887 583 970 ejus
605 889 752 970 gradum
775 899 811 956 et
834 889 905 973 ejus
925 891 1037 974 quale,
1058 901 1093 956 et
1115 892 1181 957 hoc
1204 893 1295 975 apud
1318 894 1430 960 homi·

306 1004 384 1048 nem
398 1004 506 1066 aeque
519 985 631 1049 hieme
647 1003 688 1050 ac
701 993 859 1064 aestate;
883 996 958 1050 tum
970 1007 1105 1070 quoque
1121 1008 1168 1052 ex
1184 989 1431 1054 incalescentia

305 1079 492 1160 sanguinis.
538 1077 640 1160 Quod
658 1078 754 1144 calor
773 1080 951 1158 naturalis,
968 1081 1025 1166 qui
1043 1102 1089 1146 ex
1107 1083 1182 1151 sole
1200 1085 1318 1148 mundi
1336 1087 1430 1150 exis-

305 1175 361 1250 tit,
381 1175 545 1238 inserviat
565 1173 672 1238 calori
691 1174 858 1256 spirituali
880 1197 944 1258 pro
966 1179 1198 1260 receptaculo,
1219 1189 1360 1244 constat
1383 1169 1431 1245 ex

305 1268 420 1334 calore
439 1270 590 1352 corporis
609 1271 666 1352 qui
685 1291 730 1334 ex
750 1269 866 1334 calore
885 1271 957 1353 ejus
976 1273 1115 1354 spiritus
1131 1275 1376 1352 exsuscitatur,
1392 1285 1429 1342 et

305 1367 335 1430 ei
355 1367 607 1445 succenturiat;
631 1367 797 1449 imprimis
815 1388 861 1430 ex
877 1367 993 1432 calore
1009 1388 1119 1432 verno,
1134 1377 1170 1432 et
1189 1371 1323 1434 aestivo
1338 1373 1428 1453 apud

305 1483 427 1527 omnus
450 1465 585 1544 generis
603 1463 774 1539 animalia,
794 1484 882 1546 quae
905 1474 988 1528 tunc
1012 1465 1046 1527 in
1069 1484 1204 1529 amores
1224 1486 1304 1530 suos
1326 1479 1428 1549 quot·

305 1561 403 1622 annis
419 1558 587 1622 redeunt:
612 1578 681 1622 non
701 1559 792 1641 quod
811 1559 906 1622 calor
924 1559 982 1622 ille
1000 1561 1035 1623 id
1058 1559 1172 1636 saciat,
1193 1561 1254 1624 sed
1273 1563 1352 1644 quia
1370 1563 1428 1628 ille

305 1655 456 1735 disponit
487 1673 632 1734 corpora
659 1673 778 1717 eorum
807 1655 851 1718 ad
880 1655 1114 1737 recipiendum
1144 1656 1294 1720 calorem
1323 1659 1379 1743 qui
1409 1680 1428 1723 e

305 1749 434 1812 mundo
446 1749 613 1830 spirituali
626 1750 731 1812 etiam
744 1750 834 1831 apud
851 1748 930 1813 illos
945 1749 1054 1814 influit
1069 1771 1076 1829 ;
1101 1770 1180 1814 nam
1197 1753 1341 1816 mundus
1358 1755 1426 1836 spi·

304 1844 434 1908 ritualis
457 1843 566 1908 influit
588 1843 622 1908 ln
642 1844 845 1920 naturalem,
863 1846 952 1910 sicut
971 1863 1076 1909 causa
1094 1846 1128 1909 in
1147 1844 1315 1911 effectum.
1359 1847 1427 1930 Qui

304 1939 415 2002 credit
434 1939 526 2022 quod
542 1938 637 2003 calor
653 1940 821 2004 naturalis
837 1941 1007 2021 producat
1024 1960 1158 2006 amores
1174 1941 1321 2018 illorum,
1339 1944 1427 2007 mul·

304 2045 378 2099 turn
396 2035 544 2114 fallitur3
571 2054 651 2098 nam
674 2035 824 2100 influxus
847 2046 902 2100 est
925 2036 1043 2099 mundi
1061 2036 1247 2119 spiritualis
1270 2039 1305 2101 in
1327 2055 1427 2106 mun·

304 2131 384 2194 dum
402 2131 605 2206 naturalem,
622 2140 658 2194 et
677 2150 746 2194 non
762 2131 878 2194 mundi
895 2131 1061 2196 naturalis
1080 2133 1113 2196 in
1133 2133 1366 2214 spiritualem
1388 2145 1427 2200 et

304 2227 417 2290 omnis
435 2245 542 2301 amor,
560 2227 637 2308 quia
655 2236 709 2290 est
729 2226 833 2309 ipsius
852 2227 957 2303 vitae,
974 2237 1029 2292 est
1045 2229 1252 2309 spiritualis:
1276 2239 1350 2294 tum
1370 2231 1426 2313 qui

304 2321 416 2386 credit
435 2323 526 2404 quod
545 2321 672 2404 aliquid
692 2323 824 2386 existat
848 2322 881 2385 in
905 2323 1034 2388 mundo
1053 2324 1202 2388 naturali
1220 2325 1352 2408 absque
1373 2327 1426 2390 in·

304 2417 397 2480 fluxu
416 2417 533 2480 mundi
554 2417 753 2499 spiritualis,
773 2419 879 2482 etiam
896 2417 1048 2497 fallitur3
1076 2437 1155 2482 nam
1179 2420 1335 2484 naturale
1355 2441 1424 2484 non

303 2513 426 2576 existit
456 2523 493 2577 et
520 2512 676 2576 subsistit
705 2513 768 2576 nisi
797 2531 900 2595 quam
929 2533 975 2576 ex
1005 2513 1191 2594 spirituali:
1226 2525 1262 2578 et
1292 2535 1426 2599 quoque

303 2605 456 2688 subjecta
484 2608 581 2688 regni
610 2607 817 2689 vegetabilis
847 2627 893 2671 ex
922 2607 1051 2672 influxu
1079 2609 1159 2672 inde
1189 2609 1319 2674 ducunt
1348 2631 1426 2674 suas

303 2704 598 2784 germinationem
626 2703 721 2766 calor
739 2703 917 2780 naturalis,
937 2704 995 2786 qui
1017 2714 1073 2768 est
1096 2713 1254 2788 tempore
1276 2707 1366 2770 veris
1388 2717 1426 2772 et

303 2801 458 2876 aestatis,
478 2797 630 2880 disponit
652 2798 757 2862 modo
776 2800 908 2862 semina
930 2799 965 2862 in
988 2797 1162 2864 naturales
1186 2818 1264 2864 suas
1287 2801 1424 2876 formas,

303 2896 536 2976 expandendo
559 2904 596 2959 et
618 2895 815 2978 aperiendo,
836 2905 874 2958 ut
897 2895 1045 2958 influxus
1066 2915 1087 2959 e
1110 2895 1278 2978 spirituali
1296 2898 1426 2962 mundo

302 2991 348 3053 ibi
371 2999 454 3071 agat
477 3009 626 3054 causam.
672 2989 770 3052 Haec
789 2989 899 3053 allata
921 3000 1012 3066 sunt,
1032 3001 1071 3054 ut
1094 2993 1223 3054 sciatur
1240 2991 1332 3074 quod
1356 2993 1425 3056 bini

302 3085 435 3148 calores
454 3086 534 3158 sint,
553 3103 677 3166 nempe
692 3085 878 3167 spiritualis
897 3095 934 3149 et
953 3085 1141 3165 naturalis;
1164 3097 1201 3150 et
1219 3088 1311 3170 quod
1330 3087 1425 3152 calor

303 3178 485 3262 spiritualis
515 3180 560 3243 sit
590 3199 636 3242 ex
666 3178 748 3244 Sole
774 3179 873 3256 caeli,
898 3190 935 3244 et
959 3180 1057 3244 calor
1080 3182 1247 3245 naturalis
1275 3203 1321 3246 ex
1350 3183 1425 3247 sole

303 3275 430 3350 mundi,
450 3295 491 3338 ac
514 3275 607 3356 quod
630 3273 777 3338 influxus
800 3284 836 3339 et
858 3275 936 3338 dein
956 3275 1156 3357 cooperatio
1175 3276 1302 3340 sistant
1322 3274 1424 3340 eflec-

302 3379 369 3445 tus,
389 3370 446 3451 qul
465 3379 633 3451 apparent
653 3387 769 3434 coram
788 3371 896 3433 oculis
914 3371 947 3434 in
967 3367 1156 3434 mandolla

364 3462 467 3547 568.
498 3463 602 3528 Calor
620 3465 806 3546 spiritualis
824 3467 916 3548 apud
939 3465 1115 3530 hominem
1138 3474 1193 3530 est
1216 3465 1312 3530 calor
1328 3465 1423 3530 vitae

302 3557 395 3640 ejus;
419 3559 508 3640 quia,
526 3569 564 3624 ut
582 3557 831 3642 supradictum
850 3571 915 3636 est,
933 3561 967 3624 in
983 3581 1046 3624 sua
1060 3563 1215 3626 essentia
1231 3571 1285 3626 est
1303 3581 1422 3638 amor;

301 3654 356 3718 hic
374 3651 470 3717 calor
485 3664 539 3718 est
558 3656 615 3738 qui
631 3653 837 3736 intelligitur
853 3675 913 3737 per
930 3656 1076 3737 “ignem
1085 3655 1100 3682 ’²
1116 3657 1151 3720 in
1168 3655 1307 3734 Verbo;
1327 3673 1424 3720 amor

301 3749 334 3812 in
355 3749 540 3814 Dominum
559 3761 595 3815 et
619 3769 715 3815 amor
733 3769 815 3833 erga
833 3751 1030 3832 proximum
1047 3771 1109 3832 per
1126 3753 1272 3834 “ignem
1291 3751 1423 3816 caeles·

301 3855 373 3909 tem
386 3843 412 3923 ;”
441 3863 482 3909 ac
505 3865 603 3910 arnor
624 3847 676 3911 sui
698 3855 735 3911 et
756 3865 854 3911 amor
877 3848 994 3912 mundi
1017 3865 1079 3930 per
1103 3847 1252 3930 “ignem
1274 3845 1422 3912 inferna·

301 3938 399 4003 lem.”

690 4157 740 4210 ltu
751 4165 851 4200 m
862 4159 1037 4212 ml}

354 4267 415 4338 (kk)
471 4268 531 4324 uod
550 4265 680 4324 influxus
696 4267 735 4322 sit
749 4268 854 4322 mundi
867 4269 1030 4340 spiritualis
1049 4269 1079 4324 in
1095 4267 1241 4325 mundum
1255 4269 1421 4324 naturalem

301 4339 342 4407 (n.
354 4339 426 4408 6053
483 4339 523 4422 58,
536 4339 705 4424 ⁶!89·⁶2¹5·
718 4339 888 4424 o3o7-o327,
900 4339 1068 4424 6496-6495,
1082 4341 1265 4410 6598-6626).

353 4406 1233 4554 aa“austrannumcurulum·

352 4497 584 4624 Quidlinuxus
600 4499 650 4607 illg
665 4552 704 4606 sit
720 4497 1022 4609 continuuieconatus
1035 4554 1144 4628 agendi
1157 4553 1323 4610 secundum
1338 4551 1422 4608 Divi·

300 4637 370 4677 num
384 4623 522 4678 ordinem
537 4625 578 4692 (n.
590 4623 669 4688 621¹,
683 4621 756 4692 fin).
