3368 5356
585 627 767 696 QUATUOR
790 627 942 681 PLAGAE
965 627 1007 680 IN
1030 627 1168 680 CAELO.
1388 615 1431 694 89

302 803 464 887 angelos,
485 802 564 867 ide'o
587 801 757 866 Dominus
779 811 834 866 est
862 801 918 885 qui
947 800 1030 866 iacit
1060 810 1098 864 ut
1128 796 1288 884 spectent
1311 797 1428 882 Ipsum

306 919 510 982 quocunque
526 919 563 962 se
579 907 730 962 vertunt.
778 897 874 961 Haec
891 917 960 960 non
976 896 1124 980 amplius
1140 896 1251 959 adhuc
1265 895 1429 959 elucidari

306 1004 462 1078 possunt,
493 994 555 1058 sed
585 995 619 1058 in
649 994 871 1077 sequentibus
894 992 1058 1068 articulis,
1083 993 1117 1055 in
1144 993 1259 1074 specie
1283 992 1345 1056 ubi
1374 991 1428 1056 De

307 1089 695 1172 Repraesentationibus
718 1097 754 1152 et
782 1087 1018 1172 Apparentiis,
1042 1107 1081 1152 ac
1114 1088 1166 1151 De
1190 1087 1361 1170 Tempore
1391 1099 1427 1151 ct

306 1183 426 1267 Spatio
449 1186 483 1248 in
506 1183 614 1249 Caelo
637 1185 811 1266 agendum
834 1193 900 1259 est,
921 1185 964 1248 ad
994 1181 1209 1248 intellectum
1233 1183 1427 1246 evidentius

305 1283 481 1345 sistentur.
527 1281 630 1364 Quod
653 1281 769 1363 angeli
791 1289 879 1344 -ante
901 1281 1023 1344 faciem
1047 1289 1251 1344 constanter
1273 1279 1426 1344 habeant

305 1375 491 1440 Dominum
509 1375 575 1440 hoc
595 1395 640 1440 ex
660 1377 769 1440 multa
784 1377 1001 1459 experientia
1017 1375 1098 1439 mihi
1115 1376 1235 1438 datum
1252 1385 1307 1438 est
1326 1375 1425 1449 scire,

304 1481 340 1535 et
356 1491 491 1554 quoque
508 1471 684 1554 percipere
699 1491 707 1548 ;
731 1471 868 1554 quoties
883 1473 975 1534 enim
991 1489 1069 1534 cum
1085 1470 1219 1552 angelis
1231 1471 1267 1534 in
1284 1489 1425 1533 consor·

304 1566 355 1629 tio
373 1565 428 1640 lui,
446 1567 642 1648 praesentia
660 1565 799 1629 Domini
819 1576 901 1630 ante
920 1565 1042 1629 faciem
1059 1583 1171 1629 meam
1188 1566 1426 1628 animadversa

301 1670 370 1736 est,
394 1663 450 1744 qui
473 1661 614 1724 tametsi
638 1680 707 1723 non
729 1661 834 1737 visus,
858 1681 965 1743 usque
988 1669 1170 1743 perceptus
1192 1669 1246 1724 est
1271 1662 1304 1723 in
1328 1660 1424 1738 luce;

303 1755 395 1838 quod
413 1757 463 1820 ita
482 1757 536 1829 sit,
553 1758 659 1820 etiam
679 1757 815 1838 saepius
835 1757 957 1820 testati
977 1765 1057 1820 sunt
1073 1756 1198 1838 angeli.
1244 1753 1333 1836 Quia
1353 1755 1424 1818 Do·

303 1850 415 1912 minus
434 1861 638 1915 constanter
660 1861 714 1916 est
738 1863 819 1915 ante
843 1851 965 1914 faciem
985 1849 1197 1932 angelorum,
1217 1851 1295 1913 ideo
1318 1851 1424 1913 etiam

303 1945 427 2010 dicitur
443 1946 476 2008 in
494 1947 631 2021 mundo,
650 1957 688 2010 ut
705 1947 816 2009 Deu‘m
833 1956 916 2009 ante
932 1946 1051 2009 oculos
1067 1955 1103 2008 et
1122 1945 1243 2009 faciem
1259 1945 1422 2020 habeant,

302 2050 338 2104 et
358 2041 473 2123 Ipsum
493 2039 663 2123 spectent,
684 2051 720 2105 et
739 2043 829 2124 quod
849 2042 990 2105 videant
1011 2041 1127 2124 ipsum
1151 2043 1207 2124 qui
1226 2041 1370 2104 credunt
1389 2041 1422 2102 in

303 2135 419 2218 Ipsum
438 2145 473 2200 et
491 2147 611 2202 amant
631 2137 767 2220 ipsum;
799 2137 890 2219 quod
907 2136 1014 2200 homo
1037 2138 1086 2200 ita
1109 2135 1279 2218 loquatur,
1299 2145 1353 2198 est
1376 2152 1422 2198 ex

302 2232 470 2314 spirituali
487 2233 626 2308 mundo,
644 2251 722 2294 nam
743 2231 822 2295 inde
842 2231 938 2314 plura
957 2232 990 2295 in
1010 2229 1147 2314 loquela
1162 2230 1313 2294 bumana
1329 2239 1420 2306 sunt,

301 2329 443 2390 tametsi
462 2327 568 2391 homo
587 2329 698 2390 nescit
718 2327 808 2410 quod
828 2327 908 2389 inde
927 2327 1005 2389 sint.

331 2447 335 2456 ·
365 2435 462 2504 144.
492 2420 594 2504 Quod
624 2423 706 2486 talis
736 2422 916 2485 conversio
950 2421 993 2484 ad
1028 2420 1214 2483 Dominum
1243 2419 1301 2496 sit,
1331 2419 1422 2483 inter

301 2515 469 2579 mirabilia
482 2517 568 2579 caeli
582 2525 637 2580 est
651 2538 659 2594 ;
680 2535 760 2579 nam
772 2523 918 2598 possunt
932 2515 1045 2598 plures
1054 2516 1099 2578 ibi
1115 2517 1149 2578 in
1160 2534 1228 2577 uno
1241 2513 1319 2578 loco
1332 2535 1420 2592 esse,

299 2617 336 2674 et
345 2629 432 2672 unus
442 2609 509 2673 alio
520 2619 721 2675 convertere
729 2611 853 2674 faciem
866 2619 901 2674 et
913 2629 1037 2693 corpus
1047 2629 1147 2692 quam
1159 2609 1257 2684 alter,
1269 2618 1305 2673 et
1315 2629 1421 2692 usque

300 2723 420 2768 omnes
432 2705 551 2768 vident
562 2705 747 2769 Dominum
757 2715 840 2769 ante
852 2725 900 2779 se,
913 2713 948 2768 et
961 2706 1188 2786 unusquisque
1202 2705 1245 2767 ad
1258 2705 1421 2768 dextrum

300 2817 399 2861 suum
422 2799 528 2863 habet
552 2800 741 2874 meridiem,
765 2800 809 2863 ad
833 2801 1007 2863 sinistrum
1031 2800 1316 2880 septentrionem,
1339 2807 1377 2861 et
1401 2817 1422 2860 a

299 2903 401 2976 tergo
413 2895 641 2958 occidentem.
687 2893 782 2958 Inter
794 2894 961 2958 mirabilia
974 2895 1078 2958 etiam
1093 2903 1157 2969 est,
1171 2893 1262 2975 quod
1279 2890 1421 2956 tametsi

296 2990 409 3052 omnis
427 2987 587 3071 aspectus
605 2989 806 3071 angelorum
829 2999 884 3053 est
908 2989 952 3052 ad
975 2991 1155 3063 orientem,
1176 3007 1282 3071 usque
1301 2997 1418 3051 tamen

298 3082 366 3146 illis
381 3081 540 3166 aspedius
556 3085 661 3148 etiam
678 3085 723 3148 sit
739 3085 783 3148 ad
802 3093 873 3148 tres
889 3084 1036 3166 reliquas
1053 3085 1195 3167 plagas;
1218 3083 1280 3147 sed
1296 3084 1340 3146 ad
1356 3083 1420 3146 has

299 3188 353 3242 cst
372 3177 531 3261 aspectus
554 3201 598 3242 ex
622 3181 696 3243 visu
714 3199 831 3243 eorum
851 3180 1014 3254 interiori,
1034 3181 1090 3262 qui
1113 3189 1165 3244 est
1185 3180 1418 3261 cogitationis.

297 3271 415 3336 Etiam
438 3274 528 3337 inter
550 3274 719 3337 mirabilia
742 3285 807 3349 est,
831 3275 922 3356 quod
945 3293 1112 3357 nusquam
1136 3274 1239 3337 liceat
1262 3275 1361 3337 alicui
1385 3275 1418 3337 in

298 3367 394 3432 caelo
410 3377 502 3431 stare
518 3389 538 3432 a
557 3379 657 3450 tergo
669 3369 820 3445 alterius,
838 3379 874 3434 et
891 3366 1045 3451 speclare
1062 3369 1104 3432 ad
1122 3371 1318 3450 occipitium
1334 3369 1416 3450 ejus,

298 3473 333 3527 et
350 3463 443 3545 quod
463 3471 545 3527 tunc
562 3463 718 3528 turbetur
734 3463 883 3527 influxus
898 3464 979 3528 boni
998 3475 1034 3527 et
1053 3465 1124 3528 veri
1142 3465 1198 3546 qui
1217 3486 1237 3528 a
1256 3464 1416 3529 Domino.

360 3571 456 3640 145.
486 3558 616 3640 Angeli
631 3559 733 3622 ahter
742 3559 860 3623 vident
874 3559 1070 3634 Dominum,
1084 3569 1120 3623 et
1138 3559 1304 3624 Dominus
1316 3561 1418 3626 aliter

296 3651 392 3742 videt
409 3651 572 3734 angelos:
597 3653 712 3735 angeli
729 3654 848 3718 vident
866 3653 1051 3718 Dominum
1070 3674 1130 3737 per
1148 3655 1276 3731 oculos,
1297 3639 1417 3720 Domi·

296 3735 359 3811 nus
377 3757 491 3812 autem
510 3749 605 3822 videt
624 3749 796 3830 angelos
787 3769 822 3814 ιιι
840 3749 978 3828 lronte;
999 3769 1105 3813 causa
1124 3751 1247 3831 quod
1238 3771 1271 3814 m
1290 3751 1414 3827 lronte,

295 3851 350 3908 est
372 3844 451 3926 quia
472 3842 566 3908 frons
584 3845 834 3926 correspondet
855 3845 974 3920 amori,
994 3854 1030 3909 et
1054 3844 1225 3910 Dominus
1241 3865 1301 3927 per
1319 3865 1415 3910 amo·

349 4087 438 4161 Quod
461 4088 552 4146 iacies
575 4090 613 4146 ad
637 4091 934 4162 correspondentiam
958 4067 1134 4146 interiorum
1156 4091 1285 4148 fonneta
1307 4093 1348 4148 sit
1372 4096 1415 4166 (ιι.

294 4172 361 4228 479,
348 4159 678 4286 tid⁸ri⁵i⁸n⁵cr⁶e⁹iiiteriora
689 4247 727 4286 ex
739 4230 815 4288 lacie
827 4231 966 4288 eluceant
981 4243 1020 4302 (ιι.
1035 4245 1112 4302 3527,
1125 4233 1204 4301 4066,
1220 4233 1309 4304 5796).

376 4301 437 4356 uod
451 4300 542 4356 iacies
556 4319 648 4356 unum
663 4301 753 4356 iaciat
765 4319 834 4357 cum
848 4303 1039 4359 interioribus
1052 4305 1132 4374 apud
1145 4305 1269 4376 angelos
1283 4307 1314 4376 (n
1317 4306 1413 4376 ..4796

293 4383 387 4497 4797
384 4383 419 4438 47
479 4373 555 4456 5695
568 4372 664 4456 ⁸250l?
679 4373 783 4442 82491)

342 4439 430 4497 Dein
454 4457 515 4496 oxu
529 4385 726 4498 interiorum
718 4461 748 4498 ιιι
758 4443 864 4499 faciem
878 4455 908 4500 et
921 4445 986 4516 ejus
997 4445 1151 4502 musculos
1165 4447 1206 4518 (ιι.
1221 4445 1297 4517 3631,
1307 4445 1400 4518 4800).
