3382 5358
287 639 347 707 152
614 635 666 690 ns
688 635 817 690 casso
834 635 884 690 ss
907 635 1088 695 maranno.

282 825 384 894 super
401 805 575 874 donantur
594 807 752 892 jucundis
776 819 811 874 et
831 811 986 875 amoenis
1005 811 1193 876 secundum
1213 811 1404 895 sapientiae

281 905 516 987 receptionem
532 923 553 970 a
568 905 729 970 Domino.
776 905 874 971 Haec
893 901 986 971 dic'ta
1005 917 1096 984 sunt,
1111 915 1148 972 ut
1168 908 1296 972 sciatur
1314 909 1404 973 unde

281 999 415 1083 angelis
431 1009 531 1064 tanta
549 1001 718 1084 sapientia
737 997 845 1065 estse)

343 1095 440 1178 267·
466 1093 569 1178 Quod
586 1095 701 1179 angeli
718 1105 854 1162 tantam
867 1097 1074 1180 sapientiam
1090 1095 1241 1180 recipere
1258 1097 1404 1180 possint,

281 1199 335 1255 est
359 1191 436 1275 quia
459 1201 581 1274 aperta
603 1201 684 1257 sunt
713 1193 876 1258 interiora
905 1209 1035 1268 eorum,
1056 1201 1093 1258 et
1122 1193 1294 1276 sapientia
1316 1194 1403 1257 sicut

280 1287 392 1350 omnis
407 1285 571 1368 perfectio
587 1288 712 1352 crescit
727 1307 847 1352 versus
859 1288 1033 1364 interiora,
1050 1288 1101 1351 ita
1116 1289 1303 1352 secundum
1323 1301 1403 1371 ape-

280 1381 441 1445 ritionem
458 1379 622 1446 eorumss')
666 1381 754 1446 Sunt
772 1391 842 1447 tres
858 1383 985 1464 gradus
1001 1383 1110 1458 vitae,·
1124 1383 1180 1466 qui
1199 1399 1404 1465 correspon—

280 1478 365 1542 dent
388 1478 497 1541 tribus
520 1477 635 1554 caelis,
656 1478 747 1562 apud
771 1479 1030 1562 unumquemvis
1052 1478 1215 1560 angelum
1236 1479 1405 1562 (videatur

280 1591 312 1635 n.
332 1571 479 1654 29-40);
506 1571 567 1648 illi,
591 1574 683 1656 apud
706 1593 791 1656 quos
815 1573 944 1654 primus
967 1573 1094 1656 gradus
1117 1581 1258 1656 apertus
1282 1583 1347 1649 est,
1370 1573 1404 1636 in

280 1667 378 1732 caelo
394 1670 503 1750 primo
519 1688 580 1732 seu
596 1667 718 1732 ultimo
734 1677 834 1748 sunt;
858 1667 919 1743 illi,
933 1669 1023 1750 apud
1040 1689 1125 1752 quos
1138 1669 1309 1732 secundus
1324 1685 1404 1751 gra·

280 1763 344 1826 dus
371 1774 510 1846 apertus
534 1773 600 1838 est,
626 1765 660 1827 in
693 1763 792 1827 caelo
817 1763 970 1827 secundo
998 1783 1057 1827 seu
1082 1765 1197 1827 medio
1221 1773 1325 1842 sunt;
1356 1763 1405 1827 illi

280 1869 397 1922 autern
413 1861 503 1942 apud
519 1877 605 1942 quos
618 1859 741 1924 tertius
755 1858 880 1940 gradus
893 1867 1033 1940 apertus
1051 1867 1116 1934 est,
1134 1860 1168 1921 in
1185 1860 1283 1923 caelo
1300 1860 1405 1924 tertio

281 1973 341 2018 seu
363 1955 610 2037 intimousunt:
636 1955 825 2018 secundum
843 1953 908 2017 hos
927 1955 1053 2036 gradus
1076 1964 1131 2017 est
1155 1955 1326 2036 sapientia
1343 1973 1403 2017 an·

280 2049 436 2131 gelorum
460 2051 494 2113 in
517 2049 643 2130 caelis;
674 2050 755 2114 inde
774 2049 945 2132 sapientia
964 2047 1167 2130 angelorum
1187 2050 1298 2112 intimi
1319 2049 1405 2113 caeli

281 2146 484 2209 immensum
503 2145 721 2209 transcendit
740 2146 947 2227 sapientiam
963 2143 1166 2225 angelorum
1186 2145 1290 2208 medii
1306 2145 1404 2217 caeli,

280 2249 315 2304 et
334 2239 456 2304 horum
476 2242 646 2323 sapientia
665 2241 870 2323 sapientiam
887 2238 1089 2321 angelorum
1108 2238 1219 2302 ultimi
1235 2239 1322 2304 caeli
1343 2239 1406 2322 (vi·
1468 2255 1475 2266 ·

281 2337 404 2400 deatur
422 2355 534 2419 supra,
559 2353 591 2400 n.
616 2351 688 2416 209,
709 2347 791 2414 210;
822 2343 859 2398 et
882 2333 1001 2417 quales
1024 2334 1152 2416 gradus
1176 2335 1257 2409 sint,
1281 2354 1313 2397 n.
1339 2334 1405 2418 38).

281 2429 383 2514 Quod
403 2431 488 2496 talia
506 2431 704 2496 discrimina
722 2432 803 2506 sint,
824 2438 878 2494 est
899 2429 977 2512 quia
996 2428 1055 2492 illa
1073 2449 1160 2513 quae
1183 2430 1217 2492 in
1241 2429 1406 2512 superiori

283 2527 390 2609 gradu
406 2535 498 2602 sunt,
516 2526 703 2609 singularia
718 2533 808 2602 sunt,
826 2533 862 2590 et
878 2543 965 2608 quae
984 2525 1018 2588 in
1035 2524 1183 2588 inferiori
1200 2525 1403 2599 communia,

281 2629 317 2685 et
333 2621 529 2685 communia
541 2630 621 2686 sunt
635 2619 850 2685 continentia
863 2619 1085 2702 singularium
1101 2639 1109 2699 ;
1133 2641 1171 2684 se
1187 2619 1318 2684 habent
1335 2619 1405 2683 sin·

280 2715 412 2798 gularia
424 2717 467 2779 ad
485 2717 681 2780 communia
691 2716 780 2779 sicut
793 2715 900 2778 millia
912 2723 972 2779 aut
985 2715 1157 2797 myriades
1170 2716 1213 2778 ad
1231 2733 1345 2789 unum,
1360 2715 1405 2778 ita

280 2811 450 2894 sapientia
468 2812 671 2893 angelorum
691 2811 875 2892 superioris
894 2805 982 2874 caeli
1005 2811 1049 2874 ad
1073 2811 1275 2893 sapientiam
1296 2829 1404 2891 ange·

281 2907 389 2970 lorum
417 2905 582 2971 inferioris
615 2905 702 2970 caeli
733 2901 937 2987 respective.
982 2903 1050 2969 Sed
1084 2905 1205 2968 horum
1235 2905 1405 2987 sapientia

281 3021 386 3084 usque
402 3001 559 3065 similiter
575 3001 790 3065 transcendit
807 3001 1009 3083 sapientiam
1026 2998 1185 3073 hominis,
1204 3017 1282 3062 narn
1299 2998 1405 3062 homo

281 3099 314 3160 in
333 3117 499 3180 corporeo
522 3105 557 3159 et
580 3095 651 3177 ejus
670 3095 885 3158 sensualibus
903 3105 969 3168 est,
987 3105 1023 3159 et
1047 3093 1220 3158 sensualia
1239 3111 1404 3177 corporea

280 3193 429 3254 hominis
448 3199 528 3254 sunt
552 3191 585 3252 in
604 3189 721 3253 infimo
740 3191 858 3270 gradu.
904 3189 989 3252 Inde
1009 3199 1119 3272 patet.
1140 3189 1251 3272 qualis
1269 3189 1403 3271 sapien·

281 3289 330 3352 tia
352 3295 406 3352 est
430 3286 571 3369 illisqui
595 3305 640 3349 ex
664 3284 879 3348 sensualibus
898 3285 1069 3372 cogitant,
1090 3283 1154 3347 hoc
1174 3293 1240 3360 est,
1261 3283 1327 3346 illis
1350 3281 1406 3366 qui

682 3481 1006 3534 tumeamus)

336 3586 391 3656 (aa)
412 3583 458 3640 De
473 3583 620 3655 sapientia
633 3583 809 3656 angelorum
821 3583 902 3654 quod
916 3583 956 3638 sit
971 3580 1241 3652 incomprensibilia
1256 3591 1288 3636 et
1303 3579 1406 3636 inefla-

282 3657 350 3713 bilis
365 3660 406 3725 (n-
420 3667 498 3725 2795.
511 3655 589 3724 279⁶,
601 3655 679 3716 2802·
693 3669 770 3726 331⁴fl
785 3669 862 3723 3404.
877 3666 954 3724 3405·
968 3653 1149 3723 90949176)Ι

336 3767 378 3838 (a)
400 3763 490 3850 Quod
508 3776 654 3836 quantum
673 3765 766 3820 homo
784 3766 823 3820 ab
841 3765 973 3820 externis
988 3765 1123 3820 elevatur
1137 3779 1241 3819 versus
1256 3762 1405 3826 interiora,

281 3851 400 3896 tantum
417 3855 447 3892 nr
461 3837 566 3898 lucem,
581 3836 623 3890 ita
635 3847 753 3890 tantum
768 3836 798 3891 in
812 3835 1042 3907 intelligentiam
1053 3834 1155 3890 veniet
1168 3835 1209 3905 (n.
1221 3833 1301 3903 6183,
1311 3833 1404 3902 6313).

364 3908 426 3963 uod
439 3905 563 3962 actualis
576 3907 615 3962 sit
628 3907 758 3962 elevatio
771 3909 812 3976 (n.
826 3905 904 3974 7816,
922 3907 1028 3975 10330).

366 3979 426 4102 ucgd
437 3977 566 4034 elevatio
578 3977 615 4033 ab
629 3979 760 4034 externis
772 3979 811 4034 ad
825 3977 968 4034 interiora
977 3977 1016 4032 sit
1026 3977 1104 4032 sicut
1116 3991 1135 4032 a
1146 3975 1250 4031 nimbo
1264 3973 1293 4030 in
1307 3973 1404 4030 lucem

297 4067 326 4107 n.
425 4089 432 4104 .

285 4055 296 4121 (
337 4051 427 4194 &3021
446 4119 594 4174 exteriora
612 4120 775 4175 remotiora
792 4120 853 4174 sint
872 4135 890 4175 a
909 4119 1020 4174 Divino
1038 4118 1117 4189 apud
1137 4117 1299 4178 hominem.
1315 4131 1406 4187 quare

284 4195 411 4251 obscura
424 4189 590 4262 respective
603 4201 674 4246 sunt
687 4195 728 4260 (n.
741 4191 833 4260 ⁶45¹)-

338 4263 376 4318 Et
388 4277 509 4334 quoque
523 4261 692 4316 inordinata
705 4261 869 4332 respellive
885 4263 925 4330 (n.
939 4259 998 4330 996.
1014 4257 1104 4330 3855).

366 4334 427 4388 uod
447 4333 589 4388 interiora
607 4333 667 4388 sint
686 4331 864 4404 perfectiora
882 4331 953 4403 quia
971 4331 1112 4402 propiora
1131 4327 1244 4384 Divino
1264 4329 1304 4399 (n.
1330 4327 1401 4398 5146

286 4419 428 4550 ⁵¹⁴ipirod
448 4475 477 4530 in
498 4475 616 4530 interno
629 4475 722 4529 millia
739 4485 770 4530 et
785 4473 879 4528 millia
897 4473 965 4535 sint,
978 4488 1055 4544 quae
1074 4471 1104 4525 in
1123 4481 1249 4558 externo
1262 4479 1404 4541 apparent

286 4559 320 4604 ut
333 4561 493 4603 commune
506 4561 598 4600 unum
614 4553 653 4614 (n.
670 4547 758 4615 5707).

338 4609 427 4691 Quod
442 4617 510 4672 inde
520 4617 665 4688 cogitatio
678 4627 708 4671 et
720 4617 872 4687 perceptio
885 4631 946 4686 quo
957 4614 1081 4669 interior
1093 4629 1130 4668 eo
1143 4613 1251 4667 clarior
1262 4617 1302 4677 (n.
1319 4623 1406 4680 5920).
