3408 5358
475 647 526 698 DE
549 641 697 697 GAUDIO
721 643 769 693 ET
793 637 1021 693 FELICITATE
1043 635 1238 690 CAELESTI.
1359 638 1419 706 253

296 818 459 901 singulis:
497 835 543 880 ex
572 814 643 880 *hoc
679 811 864 878 universali
892 819 928 878 et
961 809 1127 896 singulari
1156 805 1298 892 aspetiu
1331 809 1419 872 sicut

297 933 401 978 unum
420 923 540 995 agunt.

360 1007 467 1091 4⁰6·
498 1006 584 1070 Cum
604 1004 780 1088 spiritibus
801 1003 858 1088 qui
877 1024 897 1068 e
915 1003 1044 1068 mundo
1062 1009 1220 1066 recentes
1238 1008 1418 1072 venerunt,

296 1103 479 1187 aliquoties
513 1101 647 1164 locutus
680 1119 756 1164 sum
789 1100 835 1164 de
865 1107 962 1164 statu
994 1099 1090 1162 vitae
1121 1107 1299 1168 aeternae,
1328 1093 1419 1176 quod

296 1217 424 1280 nempe
437 1197 523 1262 scire
541 1193 713 1260 “interest
732 1195 807 1278 quis
827 1192 994 1260 Dominus
1010 1192 1119 1274 regni,
1137 1189 1237 1273 quale
1252 1189 1418 1270 regimen,

296 1303 331 1358 et
351 1311 438 1375 quae
454 1291 630 1372 regiminis
645 1290 775 1368 lorma;
800 1290 888 1354 sicut
905 1289 961 1371 qui
981 1289 1015 1352 in
1031 1287 1160 1352 mundo
1177 1285 1214 1348 in
1232 1284 1324 1348 aliud
1340 1303 1418 1366 reg-

296 1407 377 1452 num
397 1387 552 1460 veniunt,
573 1387 614 1448 iis
637 1385 721 1450 nihil
741 1385 835 1468 prius
852 1394 907 1448 est
923 1401 1026 1466 quam
1045 1383 1135 1446 scire
1152 1381 1226 1462 quis
1249 1388 1286 1442 et
1309 1379 1420 1461 qualis

295 1504 370 1558 rex,
384 1481 486 1565 quale
500 1482 667 1564 regimen,
684 1491 721 1546 et
740 1480 837 1564 plura
852 1500 940 1563 quae
959 1479 1059 1544 istius
1073 1478 1170 1559 regni
1186 1485 1286 1554 sunt;
1309 1475 1419 1556 magis

295 1580 330 1642 in
359 1578 426 1642 hoc
449 1597 569 1660 regno,
594 1579 629 1640 in
658 1598 725 1660 quo
754 1577 788 1640 in
818 1587 999 1640 aeternum
1023 1569 1143 1638 victuri
1162 1583 1253 1636 sunt.
1299 1570 1419 1638 Sciant

296 1675 424 1756 itaque,
448 1674 540 1756 quod
571 1671 740 1738 Dominus
769 1673 815 1735 sit
845 1672 902 1753 qui
931 1671 1022 1752 regit
1047 1669 1194 1744 caelum,
1219 1677 1257 1732 et
1285 1687 1420 1750 quoque

296 1771 503 1844 universum,
524 1787 603 1834 nam
626 1769 688 1849 qui>
707 1767 796 1848 regit
820 1785 923 1830 unum
946 1766 1038 1846 regit
1061 1763 1228 1841 alterum;
1257 1763 1305 1826 ita
1328 1764 1419 1846 quod

296 1883 451 1945 regnum,
469 1865 503 1928 in
520 1884 588 1946 quo
604 1883 693 1928 nunc
706 1871 797 1938 sunt,
815 1863 861 1926 sit
878 1861 1028 1936 Domini,
1046 1870 1083 1924 et
1101 1858 1193 1942 quod
1210 1857 1307 1939 hujus
1322 1859 1419 1940 regni

296 1959 393 2040 leges
412 1959 480 2022 sint
500 1959 668 2022 veritates
687 1967 861 2033 aeternae,
882 1977 968 2040 quae
985 1975 1105 2019 omnes
1121 1953 1308 2018 fundantur
1325 1953 1359 2016 in
1379 1973 1420 2018 ea

296 2054 386 2138 lege,
410 2064 449 2118 ut
470 2063 590 2118 ament
615 2053 800 2116 Dominum
824 2071 928 2134 supra
948 2051 1075 2125 omnia,
1101 2057 1137 2114 et
1164 2048 1358 2131 proximum
1381 2058 1418 2112 ut

296 2160 430 2228 semet;
460 2150 572 2216 immo
586 2168 674 2212 nunc
695 2147 807 2212 adhuc
827 2147 938 2228 magis
961 2147 990 2210 si
1013 2145 1123 2210 velint
1147 2163 1223 2208 esse
1246 2143 1334 2207 sicut
1357 2163 1418 2206 an·

296 2245 377 2327 geli,
402 2246 493 2328 quod
516 2265 631 2308 amare
661 2243 814 2308 debeant
844 2243 1039 2324 proximum
1069 2239 1145 2322 plus
1172 2257 1274 2322 quam
1298 2248 1418 2304 semet.

297 2340 383 2404 Cum
402 2340 487 2404 haec
507 2341 723 2413 audiverunt,
743 2337 827 2404 nihil
846 2338 1054 2420 respondere
1074 2343 1271 2418 potuerunt,
1289 2335 1370 2417 quia
1385 2335 1419 2398 in

295 2438 369 2502 vita
391 2436 542 2517 corporis
565 2435 641 2498 tale.
659 2433 740 2516 quid
762 2433 979 2504 audiverunt,
1003 2432 1065 2495 sed
1092 2449 1161 2493 non
1185 2429 1417 2504 crediderunt,

297 2531 409 2596 mirati
433 2531 525 2614 quod
548 2529 628 2594 talis
652 2549 748 2592 amor
771 2529 817 2593 sit
839 2529 873 2592 in
896 2527 1006 2602 caelo,
1030 2537 1066 2590 et
1089 2525 1181 2608 quod
1208 2519 1358 2588 ¹²¹dabilis
1382 2535 1419 2588 ut

296 2629 475 2710 quisquam
499 2635 591 2690 amet
616 2626 812 2708 proximum
836 2623 1037 2707 plusquam
1061 2633 1191 2686 semet:
1227 2621 1289 2686 sed
1316 2620 1418 2683 inlor·

296 2723 381 2786 mati
400 2732 491 2797 sunt,
509 2721 599 2804 quod
616 2721 732 2784 omnia
748 2719 839 2784 bona
856 2721 1059 2784 immensum
1077 2727 1238 2784 crescant
1258 2721 1290 2782 in
1308 2717 1420 2780 altera

295 2819 378 2892 vita,
399 2827 434 2882 et
458 2817 549 2899 quod
573 2817 654 2880 talis
677 2817 747 2878 vita
771 2817 817 2878 sit
839 2816 873 2878 in
897 2833 1051 2896 corpore,
1072 2823 1109 2878 ut
1133 2833 1202 2880 non
1226 2813 1316 2878 ultra
1340 2833 1418 2894 pro·

296 2913 393 2996 gredi
417 2914 550 2994 possint
574 2931 676 2994 quam
699 2931 814 2974 amare
838 2911 1033 2994 proximum
1063 2918 1100 2972 ut
1132 2919 1254 2984 semet,
1278 2909 1356 2992 quia
1385 2909 1419 2972 in

297 3009 492 3090 corporeisj
518 3017 555 3072 at
582 3007 634 3070 his
662 3007 805 3070 remotis
836 3018 917 3070 tunc
937 3025 1035 3070 amor
1053 3007 1163 3087 magis
1184 3026 1284 3088 purus
1314 3003 1364 3080 fit,
1385 3015 1420 3068 et

296 3103 437 3166 tandem
461 3101 648 3184 angelicus,
673 3102 729 3184 qui
758 3111 812 3165 est
843 3121 957 3164 amare
986 3101 1182 3182 proximum
1211 3101 1287 3183 plus
1316 3119 1419 3182 quam

296 3207 427 3263 semet:
454 3219 533 3262 nam
558 3200 590 3262 in
615 3197 720 3262 caelis
735 3196 922 3278 jucundum
946 3207 1000 3261 est
1023 3197 1151 3260 bonum
1171 3197 1283 3260 iacere
1307 3197 1418 3272 alteri,

296 3303 332 3358 et
357 3315 424 3358 non
446 3293 630 3376 jucundum
653 3293 765 3358 lacere
789 3294 852 3357 sibi
875 3293 1013 3366 bonum,
1035 3293 1099 3355 nisi
1122 3303 1159 3356 ut
1184 3291 1242 3356 fiat
1266 3291 1417 3365 alterius,

296 3389 344 3453 ita
363 3399 504 3474 propter
522 3390 669 3454 alterum
685 3411 692 3466 ;
716 3399 752 3452 et
771 3383 862 3472 qu'od
882 3387 916 3450 id
936 3390 981 3450 sit
1000 3407 1115 3450 amare
1132 3389 1325 3469 proximum
1343 3387 1419 3468 plus

296 3504 399 3566 quam
418 3493 539 3548 semet.
586 3481 688 3565 Quod
705 3483 783 3547 talis
800 3503 896 3547 amor
914 3482 1037 3545 dabilis
1056 3483 1112 3557 sit,
1131 3483 1309 3546 dicebatur
1326 3483 1418 3564 quod

297 3581 329 3642 in
349 3580 477 3642 mundo
496 3589 654 3643 constare
671 3580 780 3662 possit
799 3600 845 3643 ex
862 3577 1074 3660 quorundam
1091 3597 1206 3640 amore
1223 3575 1417 3658 conjugiali,

296 3676 386 3756 quod
405 3673 628 3757 praetulerint
646 3683 793 3737 mortem
811 3691 911 3756 quam
931 3681 969 3735 ut
989 3671 1183 3736 laederetur
1202 3669 1349 3754 conjux;
1373 3694 1418 3736 ex
1530 3759 1532 3762 Υ

296 3789 411 3833 amore
436 3779 616 3853 parentum
639 3788 721 3850 erga
744 3767 880 3842 liberos,
906 3767 997 3850 quod
1022 3775 1132 3831 mater
1155 3768 1270 3850 potius
1293 3765 1418 3831 samem

297 3866 457 3946 patiatur,
477 3883 578 3948 quam
599 3871 636 3927 ut
655 3863 771 3926 videat
791 3863 957 3926 infantem
976 3862 1120 3942 esurire;
1149 3872 1186 3925 ut
1210 3872 1245 3926 et
1268 3863 1312 3925 ab
1335 3863 1419 3926 ami·

296 3959 377 4024 citia
407 3961 550 4032 sincera,
575 3957 665 4042 quod
697 3977 759 4040 pro
789 3958 906 4022 amicis
930 3957 1080 4040 pericula
1104 3957 1272 4036 subeant;
1307 3969 1343 4021 et
1373 3979 1418 4022 ex

296 4055 446 4118 amicitia
469 4053 559 4118 civili
583 4064 618 4118 et
650 4053 821 4128 simulata,
845 4073 932 4136 quae
955 4051 1118 4115 aemulari
1142 4053 1215 4116 vult
1239 4054 1418 4125 sinceram,
1510 4115 1513 4122 ,

296 4151 387 4233 quod
418 4151 552 4232 potiora
575 4147 718 4213 offerant
749 4147 817 4212 illis
846 4149 966 4232 quibus
994 4147 1112 4211 dicunt
1140 4148 1228 4212 bene
1256 4148 1358 4222 velle,
1384 4158 1419 4211 et

296 4265 430 4328 quoque
453 4243 543 4328 quod
568 4243 639 4308 tale
663 4264 720 4308 ore
744 4241 854 4307 ierant
875 4243 1015 4307 tametsi
1035 4264 1102 4306 non
1127 4245 1250 4321 corde;
1282 4242 1418 4306 demum

296 4359 342 4402 ex
365 4348 487 4403 natura
510 4341 645 4414 amoris,
666 4359 753 4422 quae
773 4339 853 4402 talis
872 4348 937 4414 est,
958 4347 995 4401 ut
1019 4339 1182 4420 gaudium
1206 4338 1277 4420 ejus
1300 4339 1344 4401 sit
1367 4339 1418 4400 in-

296 4434 421 4496 servire
445 4433 530 4507 aliis,
556 4453 624 4496 non
648 4436 697 4496 sui
725 4433 786 4497 sed
817 4431 888 4514 ejus
912 4451 1025 4496 causa.
1071 4429 1201 4496 Verum
1231 4432 1316 4495 haec
1351 4451 1418 4494 non

297 4537 482 4609 potuerunt
499 4547 620 4610 capere
636 4527 685 4591 illi
701 4529 756 4612 qui
773 4547 810 4591 se
826 4547 907 4610 prae
924 4527 999 4590 aliis
1016 4526 1191 4601 amabant,
1209 4535 1245 4590 et
1265 4527 1321 4608 qui
1338 4525 1418 4589 lucri

296 4623 385 4686 avidi
405 4624 437 4685 in
458 4623 529 4686 vita
548 4625 700 4705 corporis
717 4622 863 4698 suerunt,
885 4623 1035 4687 omnium
1056 4623 1194 4686 minime
1214 4623 1317 4686 avari.
