3408 5358
426 647 538 699 HOMO
562 649 652 700 POST
675 648 841 702 MORTEM
866 651 933 702 EST
956 651 998 702 IN
1021 651 1121 704 OMNI
1144 654 1270 706 SENSll.
1353 645 1416 725 283

298 819 420 884 ultimo
439 819 531 894 dare,
549 820 639 903 quod
658 829 725 897 est,
744 822 836 904 quod
855 823 1103 886 omnebonum
1123 832 1158 888 et
1178 844 1306 902 verum,
1326 827 1419 910 quod

297 934 318 977 a
337 914 487 978 Domino
506 915 674 998 procedit,
691 937 731 980 ac
750 915 832 980 facit
851 915 996 993 caelum,
1017 919 1112 982 sitin
1130 919 1239 984 forma
1257 919 1417 996 humana,

297 1018 333 1072 et
350 1009 417 1073 hoc
437 1029 506 1072 non
525 1011 636 1076 solum
659 1011 693 1074 in
716 1020 793 1076 toto
816 1019 852 1076 et
874 1013 1039 1087 maximo,
1059 1013 1245 1078 sedetiam
1268 1016 1302 1078 in
1326 1017 1419 1080 omni

297 1113 396 1185 parte
419 1105 511 1168 etin
535 1106 701 1183 minimis;
732 1116 768 1170 et
790 1107 883 1190 quod
907 1107 992 1170 haec
1015 1106 1125 1170 forma
1146 1107 1274 1172 afficiat
1297 1129 1418 1173 unum·

296 1201 450 1281 quemvis
468 1201 524 1282 qui
544 1201 664 1282 recipit
681 1199 807 1264 bonum
827 1211 864 1266 et
883 1221 1001 1266 verum
1024 1221 1046 1264 a
1069 1201 1231 1278 Domino,
1251 1224 1291 1267 ac
1315 1203 1419 1268 saciat

298 1296 493 1376 utquisque
511 1296 545 1356 in
564 1295 663 1361 caelo
682 1297 727 1358 sit
746 1297 780 1358 in
799 1296 907 1360 forma
925 1296 1075 1360 humana
1093 1299 1280 1362 secundum
1299 1317 1419 1380 recep·

296 1390 438 1452 tionem.
483 1389 568 1453 Inde
585 1399 649 1464 est,
663 1390 755 1473 quod
772 1389 905 1454 caelum
922 1391 966 1454 sit
985 1391 1048 1454 sibi
1065 1392 1174 1454 simile
1193 1394 1227 1455 in
1244 1393 1418 1456 communi

297 1493 333 1547 et
351 1483 385 1546 in
402 1483 609 1565 particulari,
627 1493 663 1548 et
682 1485 772 1567 quod
788 1483 897 1549 lorma
912 1485 1062 1550 humana
1080 1488 1126 1550 sit
1147 1487 1225 1560 toti,
1244 1489 1288 1550 sit
1312 1488 1419 1550 cuivis

296 1579 467 1654 societati,
486 1589 521 1642 et
538 1576 610 1642 ¹¹¹sit
627 1580 734 1644 cuivis
750 1580 888 1661 angelo,
902 1589 939 1643 ut
956 1590 1135 1644 ostensum
1152 1591 1205 1646 est
1222 1583 1256 1645 in
1272 1591 1420 1665 quatuor

297 1673 449 1735 articulis
468 1693 488 1736 a
507 1692 538 1736 n.
561 1687 576 1754 5
596 1674 640 1739 ad
660 1675 720 1752 86;
744 1675 864 1756 quibus
882 1673 937 1738 hic
957 1675 1155 1740 addendum
1175 1686 1240 1750 est,
1261 1676 1353 1758 quod
1372 1677 1417 1740 sit

297 1768 439 1850 singulis
457 1769 679 1850 cogitationis
695 1789 782 1851 quae
800 1789 846 1832 ex
865 1788 982 1832 amore
998 1769 1141 1832 caelesti
1158 1771 1247 1852 apud
1264 1771 1418 1852 angelos.

297 1861 366 1924 Sed
382 1860 448 1924 hoc
464 1881 625 1926 arcanum
641 1861 734 1925 cadit
750 1881 853 1942 aegre
870 1863 904 1925 in
920 1861 1136 1926 intellectum
1150 1863 1290 1944 alicujus
1307 1864 1417 1928 homi·

297 1958 360 2029 nis,
381 1975 499 2020 verum
522 1956 615 2021 clare
643 1957 677 2020 in
706 1953 920 2022 intellectum
945 1957 1158 2038 angelorum,
1178 1960 1256 2042 quia
1281 1959 1316 2022 in
1343 1957 1419 2022 luce

297 2050 384 2116 caeli
402 2061 493 2115 sunt.

760 2509 955 2594 [xnvum

300 2701 414 2785 Quoo
435 2703 554 2767 Houo
574 2716 665 2767 rosr
685 2702 856 2766 Monrsu
879 2715 939 2766 srr
957 2715 999 2766 ru
1023 2714 1124 2766 oum
1143 2713 1271 2776 senso,
1290 2689 1429 2766 uuuo-¹

468 2812 546 2873 nm,
569 2810 843 2871 coorrumoua,
868 2808 1121 2869 usracrroua,
1146 2809 1345 2874 1uQu1ous
1375 2811 1418 2860 m

468 2905 627 2968 nunno,
665 2905 712 2954 ar
735 2903 841 2968 Quoo
865 2903 977 2954 nuru.
997 2903 1224 2968 nouruounr
1243 2904 1419 2956 ennacos

467 2999 691 3050 rannasrua
714 2998 815 3049 suuu
837 2997 990 3049 coneus

361 3179 461 3265 461.
485 3178 588 3262 Quod
604 3180 799 3243 homocum
815 3199 834 3242 e
852 3177 999 3243 naturali
1013 3178 1142 3243 mundo
1157 3177 1191 3242 in
1207 3175 1420 3260 spiritualem

299 3277 434 3352 transit,
455 3276 546 3358 quod
576 3275 613 3338 fit
644 3293 721 3338 cum
744 3275 898 3348 moritur,
921 3275 1036 3336 omnia
1066 3293 1136 3348 sua,
1164 3294 1224 3336 seu
1253 3293 1340 3355 quae
1370 3272 1420 3336 sui

299 3371 447 3435 hominis
467 3380 558 3446 sunt,
578 3389 694 3433 secum
713 3369 811 3444 ferat,
832 3377 969 3449 praeter
988 3377 1151 3430 terrestre
1170 3385 1266 3429 suum
1286 3387 1418 3448 corpus,

299 3487 345 3530 ex
362 3465 541 3548 multiplici
561 3465 776 3548 experientia
792 3471 962 3527 testatum
979 3462 1060 3524 mihi
1079 3459 1204 3524 latium
1221 3469 1284 3524 est.
1329 3459 1420 3523 Nam

299 3562 504 3624 homocum
533 3561 642 3622 intrat
671 3559 835 3620 mundum
866 3556 1091 3638 spiritualem,
1116 3577 1175 3618 seu
1201 3547 1311 3618 ‘vitam
1342 3567 1421 3636 post

300 3665 458 3729 mortem,
478 3655 512 3716 in
532 3671 675 3736 corpore
694 3663 747 3716 est
767 3654 854 3715 sicut
878 3653 912 3715 in
937 3651 1086 3732 mundo;
1117 3651 1161 3714 ad
1184 3651 1420 3732 apparentiam

301 3750 430 3815 nullum
454 3749 637 3813 discrimen
668 3758 735 3822 est,
756 3749 917 3830 quoniam
942 3766 1010 3810 non
1035 3747 1143 3810 sentit
1166 3755 1201 3808 et
1232 3744 1326 3808 videt
1351 3745 1420 3807 dis·

300 3847 448 3910 crimen:
473 3846 534 3910 sed
550 3861 672 3926 corpus
689 3843 759 3924 ejus
776 3841 953 3925 spirituale
969 3851 1035 3915 est,
1049 3851 1085 3905 et
1102 3841 1150 3904 sic
1166 3861 1186 3902 a
1202 3839 1421 3902 terrestribus

300 3951 497 4024 separatum
527 3961 586 4003 seu
610 3937 841 4021 purificatum3
877 3947 912 4000 et
943 3955 1019 4000 cum
1045 3935 1221 4020 spirituale
1244 3935 1359 4016 tangit
1385 3945 1421 3998 et

301 4033 396 4100 vide't
416 4034 604 4117 spirituale,
625 4043 678 4096 est
702 4052 840 4115 prorsus
863 4033 952 4095 sicut
975 4049 1052 4094 curn
1072 4028 1229 4093 naturale
1249 4029 1363 4111 tangit
1385 4039 1420 4092 et

301 4132 396 4196 videt
420 4129 586 4194 naturale.
632 4129 717 4192 Inde
740 4128 845 4191 homo
869 4145 945 4190 cum
969 4127 1107 4208 spiritus
1129 4121 1239 4188 factus
1262 4133 1327 4197 est,
1352 4143 1420 4185 non

301 4227 401 4290 aliter
424 4227 500 4300 scit,
524 4243 625 4307 quam
648 4223 739 4306 quod
762 4225 796 4286 in
819 4241 881 4284 suo
904 4241 1046 4301 corpore
1070 4223 1114 4284 sit
1145 4222 1177 4282 in
1209 4239 1276 4304 quo
1299 4219 1360 4280 luit
1387 4219 1420 4280 in

302 4323 441 4397 mundo,
461 4331 496 4384 et
523 4320 603 4383 inde
626 4338 696 4382 non
724 4318 790 4380 scit
821 4316 911 4398 quod
936 4317 1093 4378 obiverit.
1138 4313 1255 4377 Homo
1282 4313 1421 4394 spiritus

301 4417 406 4480 etiam
426 4415 556 4498 gaudet
574 4413 667 4477 omni
687 4431 788 4474 sensu
807 4420 955 4474 externo
974 4417 1009 4472 et
1031 4409 1177 4482 interno,
1197 4429 1265 4490 quo
1284 4405 1421 4490 gavisus

302 4521 356 4575 est
390 4513 423 4573 in
451 4509 598 4586 mundo;
628 4507 723 4570 videt
745 4507 833 4568 sicut
858 4505 959 4585 prius,
984 4503 1079 4566 audit
1102 4513 1137 4565 et
1162 4503 1311 4584 loquitur
1333 4501 1419 4562 sicut

302 4608 404 4689 prius,
418 4606 542 4668 odorat
555 4623 690 4686 quoque
702 4609 738 4665 et
752 4609 882 4684 gustat,
896 4618 935 4662 ac
950 4595 1044 4662 tactu
1056 4599 1162 4661 sentit
1176 4616 1253 4660 cum
1267 4597 1421 4678 tangitur
