3408 5358
370 639 484 692 HOMO
501 638 591 690 POST
608 635 771 688 MORTEM
788 634 855 686 EST
871 633 1007 699 QUALIS
1022 631 1108 698 EJUS
1123 631 1214 682 VITA
1231 631 1328 684 FUIT.
1375 633 1438 700 299

315 812 359 876 de
392 809 607 874 ordinatione
639 805 776 871 illorum
809 824 946 888 prorsus
975 801 1061 868 nihil
1093 803 1181 882 scit;
1215 802 1278 866 sed
1307 801 1434 885 aliquid

315 903 555 968 manifestatur
569 903 601 966 ei
617 901 652 965 ln
667 901 778 964 altera
789 900 873 974 vita,
887 915 967 962 nam
980 898 1168 962 secundum
1181 897 1434 960 ordinationem

314 1016 431 1061 eorum
447 1005 502 1060 est
518 997 549 1059 ei
565 995 728 1060 extensio
740 993 963 1076 cogitationis
980 1000 1017 1055 et
1033 988 1224 1055 affeb'tionis
1239 989 1296 1064 ibi,
1308 999 1434 1056 exten·

313 1091 364 1154 sio
392 1091 426 1152 in
448 1091 636 1153 societates
654 1087 825 1152 caelestes
847 1086 875 1150 si
905 1105 1055 1166 regnans
1078 1103 1175 1148 amor
1197 1085 1358 1148 consistit
1388 1105 1434 1148 ex

313 1181 484 1245 amoribus
500 1179 597 1256 caeli,
615 1188 651 1242 at
669 1179 703 1242 in
720 1179 909 1244 societates
924 1175 1106 1242 infernales
1124 1177 1153 1238 si
1172 1196 1322 1257 regnans
1338 1195 1435 1240 amor
1518 1185 1520 1190 ’
1611 1215 1615 1223 -

313 1273 474 1338 consistit
501 1293 546 1336 ex
576 1272 748 1336 amoribus
771 1271 901 1336 inferni.
946 1269 1049 1352 Quod
1072 1271 1183 1334 omnis
1206 1271 1375 1352 cogitatio
1397 1281 1434 1334 et

313 1364 447 1430 alfediio
470 1366 649 1448 spirituum
672 1373 709 1430 et
735 1365 937 1447 angelorum
954 1364 1197 1428 extensionem
1216 1363 1369 1427 habeant
1398 1364 1433 1426 in

312 1461 512 1534 societates,
529 1460 686 1522 videatur
704 1479 806 1541 supra
825 1459 858 1521 in
878 1457 1025 1522 articulo
1044 1456 1097 1520 De
1113 1455 1291 1538 Sapientia
1309 1456 1432 1538 Ange-

312 1554 422 1618 lorum
451 1552 558 1628 Caeli,
583 1563 618 1616 et
648 1553 682 1616 in
712 1552 857 1616 articulo
887 1551 940 1616 De
971 1551 1097 1615 Forma
1120 1549 1216 1615 Caeli
1245 1552 1432 1615 secundum

311 1665 414 1729 quem
432 1647 710 1711 consociationes
732 1655 768 1710 et
787 1646 1118 1710 communicationes
1137 1645 1193 1708 ibi.

374 1745 473 1830 478.
503 1745 572 1812 Sed
591 1747 689 1820 haec,
706 1767 793 1829 quae
809 1743 975 1809 hat'tenus
990 1742 1082 1809 dieta
1098 1753 1189 1819 sunt,
1207 1745 1312 1808 modo
1326 1743 1431 1808 allici·

312 1849 373 1904 unt
403 1841 655 1922 cogitationem
684 1839 832 1904 hominis
859 1837 1048 1912 rationalis,
1072 1847 1110 1902 ut
1139 1857 1274 1921 quoque
1305 1839 1431 1902 sistan-

310 1945 365 1997 tur
394 1933 437 1996 ad
467 1933 772 2015 apperceptionem
797 1950 913 1996 coram
941 1931 1109 2005 sensibus,
1134 1932 1237 1996 velim
1260 1931 1431 1996 adducere

310 2027 554 2110 experientias,
568 2046 628 2107 per
646 2047 730 2109 quas
745 2025 866 2090 eadem
882 2025 1099 2088 illustrentur
1114 2033 1150 2088 et
1164 2023 1430 2089 confirmentur:

312 2119 440 2195 prim,
462 2117 563 2202 Quod
583 2120 688 2184 homo
706 2129 787 2200 post
815 2128 963 2182 mortem
983 2120 1028 2181 sit
1057 2138 1138 2182 suus
1155 2137 1252 2182 amor
1279 2138 1339 2182 seu
1369 2138 1432 2182 sua

309 2213 490 2276 voluntas:
516 2212 673 2287 Secundo,
692 2211 793 2294 Quod
812 2211 918 2276 homo
937 2221 1076 2276 maneat
1095 2211 1129 2274 in
1149 2223 1328 2275 aeternum
1347 2232 1430 2294 qua·

313 2305 354 2369 lis
376 2317 430 2370 est
453 2307 566 2388 quoad
586 2325 681 2370 suam
700 2305 918 2368 voluntatem
942 2313 1000 2368 aut
1023 2323 1176 2368 amorem
1199 2314 1428 2386 regnantem:

318 2398 437 2473 Tertio,
459 2399 561 2480 Quod
583 2399 688 2464 homo
711 2400 745 2462 in
768 2398 902 2463 caelum
925 2399 1054 2474 veniat,
1076 2399 1129 2461 cui
1151 2417 1248 2462 amor
1270 2398 1430 2462 caelestis

310 2493 495 2573 spiritualis
511 2502 577 2568 est,
594 2511 633 2556 ac
653 2494 688 2556 in
706 2492 874 2556 infernum
891 2493 944 2556 cui
964 2511 1060 2555 amor
1075 2511 1261 2572 corporeus
1276 2501 1312 2556 et
1331 2511 1430 2555 mun·

310 2585 419 2650 danus
441 2585 570 2668 absque
593 2585 736 2650 caelesti
767 2595 804 2650 et
833 2585 1008 2667 spirituali.
1055 2583 1191 2663 Quarto,
1213 2584 1315 2666 Quod
1344 2585 1430 2650 fides

311 2697 380 2742 non
414 2688 553 2742 maneat
584 2678 770 2753 hominem,
800 2679 829 2742 si
862 2698 931 2742 non
966 2699 1012 2743 ex
1048 2697 1165 2742 amore
1198 2677 1341 2744 caelesti
1374 2681 1429 2742 sit.

313 2769 443 2848 Quinto,
462 2770 564 2853 Quod
584 2791 681 2836 amor
699 2769 777 2836 aeto
800 2772 845 2835 sit
867 2772 924 2855 qui
943 2781 1071 2846 manet,
1089 2773 1139 2835 ita
1160 2773 1252 2854 quod
1272 2773 1344 2836 vita
1366 2772 1429 2836 ho·

312 2883 423 2928 mrms.

374 2973 476 3043 479.
501 2956 586 3041 [(ἰ.)]
613 2956 710 3036 Quod
723 2957 818 3020 homo
831 2967 912 3039 post
928 2968 1068 3022 mortem
1084 2959 1132 3023 sr't
1148 2979 1229 3023 suus
1247 2979 1352 3034 amor,
1372 2980 1429 3023 seu

309 3069 373 3114 sua
386 3051 551 3124 voluntas,
565 3071 585 3114 a
601 3051 780 3134 multiplici
793 3053 1009 3133 experientia
1022 3061 1190 3116 testatum
1204 3053 1284 3116 mihi
1301 3051 1428 3116 labium

309 3153 374 3208 est.
419 3143 626 3208 Universum
649 3144 783 3208 caelum
806 3155 860 3208 est
882 3143 1082 3210 distinctum
1104 3146 1139 3210 in
1162 3147 1351 3210 societates
1373 3166 1428 3210 se·

308 3236 457 3300 cundum
477 3236 685 3302 differentias
703 3237 784 3301 boni
802 3239 927 3302 amoris
942 3259 949 3316 ;
973 3248 1011 3302 et
1029 3240 1258 3322 unusquisque
1277 3241 1427 3321 spiritus,

307 3330 363 3412 qui
379 3329 535 3394 evehitur
552 3331 585 3394 in
606 3330 738 3393 caelum
754 3340 790 3394 et
810 3330 848 3394 fit
867 3330 1021 3412 angelus,
1038 3331 1145 3396 fertur
1163 3333 1207 3396 ad
1225 3333 1427 3397 societatem

308 3422 364 3486 ubi
383 3441 479 3486 amor
498 3421 568 3504 ejus
588 3432 653 3499 est,
674 3433 710 3487 et
728 3443 806 3487 cum
822 3423 902 3488 illuc
918 3425 1014 3488 venit
1033 3433 1087 3489 est
1106 3427 1193 3490 sicut
1212 3427 1303 3508 apud
1321 3447 1369 3502 se,
1386 3446 1427 3490 ac

307 3515 395 3578 sicut
414 3515 507 3578 domi
526 3516 581 3579 ubi
600 3517 696 3599 quasi
715 3525 838 3596 natus3
868 3516 934 3581 hoc
964 3519 1108 3599 percipit
1131 3517 1287 3600 angelus,
1308 3539 1348 3584 ac
1382 3521 1427 3583 ibi

307 3609 526 3672 consociatur
547 3609 598 3672 sui
624 3609 801 3674 similibus.
847 3609 933 3674 Cum
955 3609 1034 3674 inde
1057 3611 1140 3686 abit,
1165 3623 1202 3676 et
1228 3612 1297 3676 alio
1319 3614 1425 3686 venit,

307 3709 361 3764 est
373 3700 502 3782 jugiter
517 3701 639 3784 aliquis
654 3703 797 3778 renisus,
814 3713 850 3767 et
866 3713 919 3768 est
936 3703 1070 3770 affediio
1086 3705 1245 3770 desiderii
1261 3707 1426 3770 redeundi

306 3793 351 3856 ad
369 3795 420 3858 sui
438 3795 579 3870 similes,
596 3796 646 3858 ita
663 3796 708 3860 ad
727 3815 824 3860 suum
840 3815 993 3860 amorem
1010 3807 1226 3879 regnantem.
1270 3799 1326 3863 Ita
1341 3799 1426 3864 fiunt

309 3888 587 3952 consociationes
609 3888 770 3954 incaelo.
815 3887 980 3954 Similiter
1001 3892 1034 3953 in
1053 3891 1196 3966 inferno,
1217 3892 1272 3955 ubi
1292 3913 1426 3976 quoque

308 3980 498 4046 consociati
520 3990 600 4046 sunt
623 3983 812 4046 secundum
835 4002 969 4047 amores
992 3983 1200 4048 caelestibus
1223 3988 1425 4050 contrarios.

309 4071 428 4154 (Quod
447 4074 634 4140 societates
650 4076 720 4138 sint
738 4095 825 4158 quae
840 4078 1057 4140 constituunt
1073 4077 1219 4152 caelum,
1236 4089 1272 4143 et
1291 4099 1426 4163 quoque

309 4167 477 4232 infernum
489 4189 498 4245 ;
526 4177 563 4232 et
586 4167 676 4250 quod
699 4188 820 4232 omnes
843 4169 924 4234 illae
942 4169 1130 4235 distindtae
1147 4173 1218 4236 sint
1237 4173 1424 4236 secundum

308 4258 519 4324 differentias
531 4262 667 4336 amoris,
678 4261 836 4326 videatur
851 4283 962 4345 supra,
976 4285 1007 4328 n.
1020 4279 1136 4346 41-50,
1150 4275 1187 4330 et
1203 4285 1235 4328 n.
1249 4281 1313 4328 200
1334 4266 1423 4348 212.)

307 4350 410 4432 Quod
429 4354 535 4418 homo
552 4365 631 4438 post
647 4366 794 4420 mortem
810 4357 855 4421 sit
874 4377 954 4421 suus
970 4378 1077 4434 amor,
1091 4359 1171 4422 inde
1186 4379 1322 4442 quoque
1340 4379 1424 4423 con·

307 4454 400 4510 stare
423 4449 547 4528 potuit,
571 4449 661 4531 quod
685 4459 768 4514 tunc
791 4461 1035 4515 removeantur
1056 4461 1093 4516 et
1115 4455 1211 4536 quasi
1230 4454 1425 4519 auferantur

306 4540 337 4603 ei
355 4538 426 4616 illa,
443 4561 530 4624 quae
554 4561 622 4606 non
647 4562 749 4606 unum
767 4543 897 4610 faciunt
915 4561 992 4610 cum
1011 4563 1128 4611 amore
1144 4545 1215 4630 ejus
1233 4559 1423 4630 regnante3
