3350 5366
325 628 409 695 ²340
678 623 730 676 oa
751 625 878 683 casco
901 625 949 677 aa
973 625 1157 680 miscuo

337 807 375 863 et
396 797 590 861 sinceritati
613 798 702 879 apud
723 797 898 862 naturales
921 797 1089 874 homines,
1110 799 1215 862 immo
1238 801 1330 882 apud
1354 799 1463 865 malos

338 902 375 957 et
394 893 589 968 infernales,
604 894 668 956 sed
688 895 721 956 ln
738 897 873 956 interna
889 893 998 956 forma
1009 904 1093 957 sunt
1111 913 1250 976 prorsus
1267 897 1462 959 dissimiles.

328 987 423 1050 'Mali
437 990 530 1051 enim
544 987 636 1069 juste
653 997 688 1051 et
703 989 834 1052 sincere
848 986 959 1051 solum
974 999 1084 1070 agunt
1100 1001 1242 1071 propter
1258 1011 1294 1054 se
1309 1001 1347 1054 et
1364 1009 1461 1054 nurn-

322 1084 440 1160 'dum;
471 1093 684 1166 quapropter
706 1085 734 1145 si
760 1099 833 1146 non
853 1085 1020 1146 timerent
1044 1083 1141 1165 leges
1163 1095 1200 1147 et
1223 1105 1364 1167 poenas,
1388 1096 1461 1154 tom

336 1177 504 1260 jacturam
527 1181 649 1254 famae,
668 1178 820 1254 honoris,
842 1179 924 1242 lucri
947 1189 983 1242 et
1006 1181 1109 1253 vitae,
1129 1199 1269 1261 prorsus
1291 1182 1462 1246 insincere

337 1285 373 1338 et
391 1274 515 1356 injuste
532 1283 688 1356 agerent,
706 1276 866 1357 quoniam
883 1293 952 1337 non
966 1275 1094 1338 timent
1112 1275 1235 1350 Deum,
1252 1296 1293 1340 ac
1312 1276 1460 1359 aliquam

339 1367 453 1452 legem
474 1367 646 1443 Divinam,
666 1369 716 1432 ita
746 1387 814 1431 non
841 1379 897 1432 est
926 1369 1066 1452 aliquod
1089 1370 1263 1433 internum
1286 1371 1459 1434 vinculum

338 1465 430 1546 quod
462 1465 617 1543 detinet;
649 1474 859 1548 quapropter
888 1474 971 1528 tunc
997 1474 1167 1546 quantum
1194 1476 1348 1548 possent,
1372 1467 1459 1531 alios

335 1559 592 1635 defraudarem,
612 1560 800 1642 diriperent
820 1571 856 1624 et
875 1559 1077 1641 spoliarent,
1097 1570 1132 1623 et
1152 1561 1217 1623 hoc
1237 1581 1282 1623 ex
1298 1560 1458 1642 jocundo.

337 1653 439 1735 Quod
463 1655 553 1718 intus
576 1655 665 1718 tales
689 1656 769 1728 sint,
794 1665 938 1736 apparet
959 1657 1125 1736 imprimis
1159 1675 1204 1718 ex
1234 1655 1403 1718 similibus
1424 1657 1457 1718 in

336 1749 450 1813 altera
472 1751 555 1826 vita,
580 1751 636 1813 ubi
666 1751 773 1812 cuivis
797 1750 995 1813 auferuntor
1016 1759 1172 1824 externa,
1198 1760 1235 1814 et
1260 1752 1458 1831 aperiuntur

338 1846 485 1922 interna,
509 1846 542 1908 in
566 1845 858 1928 quibusdenique
882 1847 914 1908 in
939 1855 1116 1908 aeternum
1140 1847 1259 1908 vivunt
1285 1844 1457 1926 (videatur

335 1959 448 2022 supra,
469 1961 501 2003 n.
524 1939 710 2022 499-511);
742 1941 899 2024 quiquie
923 1950 1005 2004 tunc
1029 1951 1138 2021 agunt
1162 1941 1290 2022 absque
1313 1941 1456 2004 vinculis

335 2038 501 2110 externis,
518 2055 605 2117 quae
622 2045 713 2110 sunt,
725 2043 765 2097 ut
785 2033 1029 2114 supradictum
1046 2045 1111 2110 est,
1128 2035 1271 2098 timores
1288 2035 1454 2116 prolege,

333 2149 463 2213 proque
475 2128 606 2211 jadlura
622 2130 743 2204 lamae,
761 2129 911 2204 honoris,
929 2129 1012 2192 lucri
1028 2141 1063 2193 et
1079 2131 1182 2204 vitae,
1200 2131 1318 2192 insane
1334 2141 1454 2210 agunt,

333 2237 369 2288 et
398 2225 443 2287 acl
470 2226 705 2288 sinceritatem
738 2233 774 2286 et
797 2223 967 2305 justitiam
996 2225 1121 2288 rident.
1167 2223 1221 2287 Illi
1250 2235 1379 2298 autem,
1399 2227 1455 2306 qui

334 2330 476 2402 propter
503 2319 599 2401 leges
630 2318 773 2406 Divinas
803 2319 935 2382 sincere
963 2329 1001 2382 et
1024 2319 1116 2400 juste
1146 2329 1302 2400 egerunt,
1327 2319 1454 2384 ablatis

332 2416 500 2489 externis,
525 2425 560 2478 et
589 2411 699 2477 relicti
733 2415 885 2488 internis,
915 2415 1089 2495 sapienter
1114 2425 1234 2495 agunt,
1266 2415 1344 2496 quia
1370 2435 1452 2478 con-

319 2505 437 2590 'janot
456 2519 535 2572 sont
555 2527 631 2571 cum
645 2509 780 2590 angelis
800 2507 897 2581 caeli,
918 2529 938 2571 a
957 2509 1077 2590 quibus
1096 2511 1369 2572 communicatur
1386 2509 1453 2572 illis

332 2603 512 2685 sapientia.
557 2601 614 2666 Ex
644 2603 696 2665 his
726 2622 815 2664 nunc
843 2605 987 2683 primum
1018 2613 1178 2666 constare
1205 2613 1335 2684 potest,
1360 2604 1452 2686 quod

328 2697 436 2760 homo
455 2697 638 2779 spiritualis
655 2717 792 2779 prorsus
811 2697 968 2761 similiter
984 2700 1094 2780 possit
1114 2719 1218 2779 agere
1237 2700 1325 2762 sicut
1345 2700 1450 2762 homo

328 2791 507 2866 naturalis,
532 2793 644 2874 quoad
665 2791 801 2854 civilem
826 2802 861 2856 et
883 2793 1047 2856 moralem
1072 2793 1190 2868 vitam,
1211 2795 1314 2856 modo
1338 2793 1450 2875 quoad

319 2888 502 2950 internum
516 2887 699 2961 hominem,
715 2903 773 2950 seo
786 2888 898 2969 quoad
912 2889 1129 2952 voluntatem
1147 2901 1181 2952 et
1198 2889 1449 2970 cogitationem

331 2980 530 3062 conjunctus
548 2983 592 3044 sit
613 2981 747 3044 Divino.
796 2982 981 3064 (Videatur
998 3003 1110 3065 supra,
1131 3003 1163 3046 n.
1185 2985 1355 3066 358-360.)

393 3089 489 3158 531.
520 3075 633 3158 Leges
662 3079 754 3139 vitae
784 3075 980 3158 spiritualis,
1011 3078 1107 3160 leges
1140 3080 1231 3140 vitae
1264 3079 1384 3154 civilis,
1410 3089 1448 3145 et

330 3169 425 3252 leges
448 3172 541 3234 vitae
560 3171 709 3246 moralis,
729 3173 911 3234 traduntur
929 3174 1034 3235 etiam
1058 3175 1091 3236 in
1115 3173 1234 3236 decem
1258 3177 1449 3254 praeceptis

330 3265 520 3351 Deculogi3
544 3267 577 3328 in
600 3269 717 3348 primis
738 3268 844 3329 tribus
865 3267 961 3349 leges
980 3269 1072 3330 vitae
1091 3267 1286 3348 spiritualis,
1307 3268 1340 3330 in
1365 3288 1446 3349 qua·

329 3371 409 3424 tuor
434 3361 657 3443 sequentibus
681 3361 776 3442 leges
799 3363 893 3425 vitae
916 3363 1034 3436 civilis,
1055 3371 1091 3426 et
1118 3364 1151 3424 in
1180 3361 1290 3424 tribus
1319 3362 1448 3428 ultimis

329 3454 426 3536 leges
455 3457 548 3519 vitae
577 3455 727 3519 moralis.
779 3456 876 3520 Mere
906 3457 1071 3520 naturalis
1100 3456 1204 3522 homo
1238 3457 1270 3520 in
1300 3467 1448 3520 externa

328 3549 437 3613 forma
466 3552 653 3614 secundum
683 3552 803 3614 eadem
835 3563 1020 3633 praecepta
1047 3551 1206 3616 similiter
1235 3552 1319 3614 vivit
1349 3561 1448 3633 prout

328 3645 512 3727 spiritualis
527 3645 644 3721 homo,
662 3665 740 3708 nam
760 3647 917 3710 similiter
935 3647 1019 3710 colit
1039 3646 1211 3720 Divinum,
1230 3646 1336 3708 intrat
1356 3657 1445 3709 tern-

319 3741 434 3821 plum,
454 3743 550 3804 audit
575 3743 856 3822 praedicationes,
878 3743 1055 3822 componit
1077 3741 1198 3803 faciem
1220 3728 1266 3802 ad
1288 3741 1445 3803 deuotio-

329 3853 427 3913 nem;
454 3857 524 3900 non
548 3837 696 3912 occidit,
711 3857 780 3900 non
804 3837 971 3900 adulteria
995 3837 1193 3908 committit,
1215 3855 1282 3898 non
1306 3835 1444 3908 iuratur,

327 3949 397 3992 non
415 3931 536 3993 salsum
553 3932 789 3994 testimonium
808 3931 946 4011 profert,
964 3949 1032 3993 non
1053 3932 1165 3993 socios
1181 3929 1361 3993 defraudat
1377 3931 1445 3992 suis

318 4025 446 4088 bonis:
471 4027 532 4088 sed
548 4025 633 4090 haec
646 4025 757 4089 solum
772 4025 853 4088 lacit
871 4036 1011 4107 propter
1025 4045 1063 4088 se
1080 4035 1116 4088 et
1126 4035 1268 4106 propter
1280 4025 1444 4086 mundum

326 4132 365 4185 ut
389 4131 564 4204 appareat.
609 4121 660 4184 At
682 4122 773 4184 idern
801 4123 833 4183 in
857 4123 992 4184 interna
1015 4121 1123 4183 forma
1145 4139 1281 4202 prorsus
1304 4129 1444 4182 contra·

317 4219 394 4280 'rius
414 4227 468 4280 est
487 4236 588 4299 quam
608 4218 696 4279 sicut
715 4225 858 4300 apparet
877 4217 910 4278 in
930 4226 1096 4293 externa3
1120 4217 1198 4297 quia
1216 4223 1322 4296 negat
1342 4213 1445 4276 corde

328 4309 502 4387 Divinum,
523 4313 550 4375 is
573 4313 607 4374 in
630 4312 726 4375 cult'u
753 4313 825 4392 agit
849 4309 1089 4392 hypocritam3
1121 4329 1198 4373 com
1222 4309 1284 4372 sibi
1307 4307 1445 4382 relictos

328 4409 474 4488 cogitat,
495 4407 584 4470 ridet
614 4404 734 4469 sancia
763 4403 942 4480 ecclesiae,
962 4406 1108 4469 credens
1131 4404 1223 4487 quod
1252 4403 1312 4466 illa
1341 4405 1445 4466 modo

327 4517 389 4583 pro
405 4501 542 4564 vinculo
557 4503 707 4564 serviant
723 4501 869 4583 simplici
886 4501 1017 4566 turbae.
1063 4497 1148 4562 lnde
1161 4509 1225 4573 est,
1240 4499 1331 4581 quod
1348 4518 1443 4580 pror-

316 4595 384 4660 'sus
401 4595 570 4678 sejunstus
582 4598 628 4661 sit
644 4615 664 4660 a
680 4597 798 4676 caelo;
822 4605 1029 4680 quapropter
1045 4595 1113 4670 ille,
1128 4596 1206 4678 quia
1223 4614 1290 4657 non
1306 4594 1443 4677 spirito·
