3350 5366
413 639 464 690 oe
487 637 629 690 resero
652 637 775 693 sessu
798 639 964 694 uomens
987 640 1080 694 sose
1102 641 1277 695 noscere.
1344 646 1401 712 331

284 809 376 894 quod
394 811 623 894 cognitiones,
642 829 729 894 quae
747 822 828 878 sunt
846 830 929 879 vera
950 823 1108 890 ercterno,
1125 833 1194 878 oon
1216 813 1343 880 iaciant
1366 825 1403 880 ut

284 906 359 988 quis
377 906 411 970 in
430 905 565 970 caelum
582 908 724 985 veniet3
747 907 809 972 sed
826 908 907 992 ipsa
925 909 1009 986 vita,
1027 929 1115 992 quae
1138 919 1193 974 est
1216 910 1291 974 vita
1312 929 1401 984 usus,

284 1000 396 1064 indite
418 1019 479 1083 per
496 1001 727 1082 cognitiones.

346 1094 444 1177 ⁵¹8·
474 1095 629 1160 Fuerunt
650 1097 801 1179 spiritus,
825 1097 883 1180 qui
911 1117 958 1163 ex
980 1097 1195 1180 cogitatione
1218 1097 1403 1164 inmundo

284 1189 349 1253 sibi
367 1201 621 1272 persuaserunt,
640 1192 733 1274 quod
753 1193 791 1256 in
809 1192 944 1256 caelum
962 1193 1099 1257 venturi
1117 1201 1247 1267 essent,
1267 1201 1303 1256 et
1321 1213 1403 1275 prae

284 1285 360 1349 aliis
371 1286 616 1366 reciperentur,
629 1287 708 1370 quia
724 1285 817 1351 dosti
832 1287 978 1363 suerunt,
992 1296 1028 1353 et
1044 1288 1216 1352 sciverunt
1232 1286 1342 1352 multa
1356 1309 1403 1352 ex

284 1375 413 1454 Verbo,
434 1389 471 1446 et
497 1401 542 1444 ex
572 1379 736 1446 doctrinis
747 1381 991 1460 ecclesiarumt
1022 1382 1205 1448 credentes
1234 1382 1282 1445 sic
1312 1381 1402 1464 quod

284 1475 459 1557 sapientes
481 1485 609 1552 essent,
629 1485 666 1540 et
687 1477 779 1560 quod
802 1474 970 1542 intellecti
993 1477 1062 1540 sint
1085 1495 1145 1558 per
1167 1475 1312 1540 illos-de
1330 1477 1402 1558 qui·

285 1571 348 1632 bus
370 1569 504 1646 dicitur,
524 1570 617 1654 quod
624 1571 801 1652 fulgerent
822 1571 908 1636 secut
928 1570 1087 1653 splendor
1099 1570 1253 1654 expansi,
1269 1579 1301 1633 et
1316 1571 1403 1636 silut

284 1663 401 1728 stellae
423 1663 536 1747 (apud
552 1664 734 1740 Herculem,
753 1685 827 1748 cap.
852 1667 912 1730 xii.
934 1665 988 1748 3):
1025 1665 1087 1728 sed
1110 1665 1283 1748 explorati
1306 1676 1400 1740 sunt,

285 1779 366 1823 num
383 1761 614 1843 cogitationes
633 1760 769 1824 illorum
789 1761 980 1826 residerent
999 1761 1034 1824 in
1053 1761 1229 1836 memoris,
1248 1760 1303 1824 vel
1323 1777 1402 1824 num

284 1855 318 1917 in
347 1855 430 1920 vita.
470 1855 525 1918 Illi
552 1856 609 1938 qui
636 1857 670 1918 in
699 1853 878 1920 affedtione
904 1855 976 1920 veri
1008 1857 1156 1937 genuina
1184 1854 1404 1928 fueruntne

284 1959 428 2032 propter
445 1969 525 2013 usus
540 1960 720 2032 separatos
738 1970 759 2014 a
778 1951 951 2032 corporeis
970 1959 1006 2014 et
1022 1950 1213 2024 mundanis,
1233 1949 1290 2032 qui
1308 1951 1342 2014 in
1365 1970 1403 2014 se

283 2055 364 2109 sunt
387 2065 467 2108 usus
489 2043 696 2126 spirituales,
716 2055 901 2128 postquam
923 2041 1079 2108 instructi
1103 2054 1194 2120 sunt,
1218 2045 1325 2108 etiam
1346 2065 1402 2108 re·

283 2140 377 2221 cepti
396 2149 477 2203 sunt
495 2141 530 2202 in
549 2139 705 2216 caelum;
735 2149 771 2204 et
794 2148 876 2204 tunc
895 2140 1015 2206 datum
1038 2148 1093 2204 est
1115 2138 1184 2202 illis
1205 2139 1302 2214 scire,
1322 2137 1403 2222 quid

284 2233 445 2317 splendet
464 2234 624 2309 incaelo,
649 2234 740 2317 quod
757 2253 881 2316 nempe
903 2235 950 2300 sit
969 2233 1130 2298 Divinum
1150 2233 1291 2306 Verum,
1310 2231 1403 2314 quod

284 2329 329 2393 ibi
352 2337 406 2392 est
423 2329 484 2392 lux
503 2329 601 2404 caeli,
621 2331 655 2392 in
678 2349 750 2405 usu,
771 2331 826 2412 qul
848 2339 904 2394 est
927 2328 1067 2411 pianum
1089 2329 1181 2411 quod
1204 2328 1325 2409 recipit
1347 2347 1401 2390 ra·

284 2425 358 2488 dios
376 2423 468 2487 illius
486 2423 583 2498 lucis,
600 2434 636 2488 et
655 2426 690 2487 in
706 2423 908 2507 splendores
924 2425 1037 2488 varios
1053 2425 1167 2488 vertit.
1213 2423 1268 2486 111i
1287 2432 1403 2486 autem
1458 2439 1464 2451 ·

283 2521 375 2603 apud
407 2537 493 2602 quos
517 2519 735 2601 cognitiones
757 2519 864 2583 modo
883 2519 1081 2584 residebant
1111 2519 1145 2582 in
1168 2519 1343 2590 memoria,
1367 2527 1404 2582 et

284 2617 366 2680 inde
380 2623 582 2696 comparata
599 2624 654 2678 est
673 2613 820 2678 facultas
833 2613 1061 2678 ratiocinandi
1080 2613 1123 2677 de
1142 2614 1241 2687 veris,
1258 2633 1299 2677 ac
1318 2631 1403 2676 con·

284 2709 441 2774 firmandi
470 2709 529 2772 illa
551 2729 639 2792 quae
661 2718 865 2790 receperunt
888 2717 926 2772 ut
957 2708 1133 2791 principia,
1153 2727 1240 2789 quse
1263 2708 1403 2772 tametsi

283 2805 380 2882 salsa,
401 2815 480 2888 post
503 2803 799 2868 confirmationem
818 2804 976 2868 viderunt
1000 2805 1087 2867 sicut
1109 2821 1213 2879 vere;
1244 2801 1305 2876 illi,
1325 2803 1403 2884 quia

283 2903 318 2964 in
341 2901 436 2964 nulla
454 2895 529 2964 luce
552 2900 638 2962 caeli
660 2899 806 2973 suerunt,
826 2907 864 2962 et
883 2908 1001 2962 tamen
1020 2897 1053 2961 in
1072 2895 1139 2962 fide
1162 2917 1207 2962 ex
1225 2896 1327 2972 fastu,
1346 2897 1403 2980 qui

283 2996 484 3081 plerumque
498 2994 559 3059 tali
576 2993 827 3076 intelligentiae
843 2994 1020 3068 adhaeret,
1033 2993 1125 3075 quod
1141 2989 1312 3056 doctiores
1330 2993 1403 3056 aliis

283 3099 411 3166 essent,
428 3099 464 3155 et
482 3091 530 3154 sic
549 3090 685 3153 venturi
704 3090 737 3152 in
757 3087 900 3163 caelum,
918 3098 954 3152 et
973 3085 1064 3170 quod
1082 3086 1149 3152 illis
1167 3087 1283 3168 angeli
1298 3088 1402 3150 servi·

284 3188 377 3266 turi;
400 3183 450 3248 illi
466 3184 556 3259 ideo,
576 3193 614 3248 ut
636 3203 683 3246 ex
706 3203 767 3246 sua
788 3183 884 3246 satus
901 3181 968 3246 fide
986 3191 1255 3255 removerentur,
1276 3179 1402 3244 sublati

285 3287 365 3346 sunt
388 3280 433 3344 ad
455 3280 604 3362 primum
631 3297 691 3341 seu
713 3277 872 3341 ultimum
895 3276 1041 3352 caelum,
1065 3285 1104 3340 ut
1126 3276 1168 3338 in
1191 3274 1400 3342 societatem

285 3375 457 3458 quandam
481 3372 674 3454 angelicam
701 3373 964 3449 inducerentur;
997 3369 1058 3434 sed
1085 3389 1162 3432 cum
1191 3371 1225 3432 in
1259 3369 1403 3434 introitu

285 3480 396 3546 erant,
416 3469 460 3532 ad
483 3467 647 3530 influxum
669 3466 752 3530 lu'cis
775 3466 862 3530 caeli
880 3464 1090 3548 incipiebant
1114 3463 1264 3544 caligare
1282 3463 1400 3536 oculis,

285 3566 364 3629 dein
394 3563 582 3647 perturbari
605 3559 795 3636 intellectu,
819 3561 958 3625 demum
981 3559 1117 3623 trahere
1140 3561 1289 3622 animam
1313 3559 1401 3621 sicut

285 3657 476 3723 moribundi
493 3677 501 3734 ;
524 3665 560 3719 et
580 3675 656 3718 cum
675 3657 846 3719 sentirent
863 3654 1013 3718 calorem
1032 3652 1130 3727 caeli,
1150 3653 1206 3735 qui
1229 3661 1283 3716 est
1306 3671 1402 3716 amor

285 3753 454 3826 caelestis,
466 3750 675 3833 incipiebant
688 3751 780 3814 intus
792 3749 951 3813 cruciari:
972 3757 1180 3832 quapropter
1190 3747 1270 3810 inde
1280 3744 1402 3828 dejecti

286 3857 386 3926 sunt;
410 3866 449 3909 ac
470 3846 549 3909 dein
572 3842 741 3921 instrutti,
761 3843 853 3928 quod
871 3844 1089 3926 cognitiones
1108 3861 1177 3906 non
1194 3841 1322 3904 saciant
1340 3861 1401 3903 an·

286 3942 412 4025 gelum,
432 3940 494 4004 sed
517 3941 591 4022 ipsa
609 3941 692 4013 vita,
712 3957 814 4022 quam
833 3938 952 4020 adepti
975 3957 1035 4020 per
1054 3936 1292 4018 cognitiones;
1316 3954 1401 4017 quo-

286 4037 378 4100 niam
395 4036 616 4118 cognitiones
638 4035 672 4098 in
695 4053 732 4098 se
755 4030 933 4117 speetatee
952 4040 1034 4098 sunt
1050 4041 1153 4096 extra
1175 4029 1320 4106 caelum,
1340 4029 1400 4094 sed

286 4134 357 4196 vita
376 4153 436 4216 per
455 4132 668 4213 cognitiones
686 4131 776 4193 intra
794 4129 938 4194 caelum.

348 4243 447 4312 519·
478 4227 664 4310 Postquam
682 4226 822 4307 spiritus
851 4225 885 4287 in
916 4221 1000 4288 locis
1030 4217 1233 4304 supradictis
1260 4239 1320 4301 per
1350 4220 1400 4282 in·

369 4449 429 4505 uod
444 4447 555 4503 servire
569 4443 701 4502 Domino
713 4445 753 4500 sit
765 4457 836 4499 usus
852 4451 1002 4516 praestare
1018 4443 1059 4511 (n.
1071 4439 1163 4509 7938).

339 4445 430 4593 8uod
444 4519 537 4574 horno
555 4517 626 4572 talis
639 4517 687 4578 eit,
700 4515 805 4586 quales
818 4525 890 4570 sunt
904 4529 976 4570 owe
986 4512 1067 4584 apud
1081 4512 1163 4566 illum
1178 4513 1219 4582 (n.
1235 4509 1310 4580 1568.
1325 4521 1396 4579 3570

288 4604 365 4662 rose
377 4591 457 4662 ⁶⁵7¹.
469 4589 564 4660 ⁶93⁴st
579 4587 671 4658 69351.
682 4585 763 4657 ⁶938·
778 4585 884 4654 10284).
