3368 5356
263 655 300 708 12
563 654 635 711 ,nt
658 653 785 710 catto
809 655 857 708 ET
879 655 1063 710 INFERNO·

390 826 519 946 pmdqui
533 826 632 881 vidotl
667 827 824 888 montom
836 827 959 906 Patrem:
975 829 1092 894 etquod
1107 827 1328 908 emerendum
1343 833 1381 890 uir

406 908 456 958 pso
466 893 613 958 procedat(
652 891 677 943 h.
687 909 712 944 x.
726 907 765 956 30,
774 893 824 954 ³83
838 908 895 958 cap.
905 910 958 944 xrv.
967 889 1017 962 [9,]
1032 909 1130 956 10,11;
1148 909 1205 960 cap.
1215 912 1268 948 xvi.
1280 895 1381 960 13-152.

257 1036 412 1100 Locutus
429 1055 504 1100 sunr
519 1055 597 1101 cum
612 1037 747 1120 angelis
763 1038 898 1120 saepius
917 1037 960 1105 de
976 1037 1042 1102 hac
1058 1057 1105 1114 re,
1121 1047 1159 1103 et
1178 1049 1382 1108 constanter

256 1133 432 1207 dixerunt,
450 1133 545 1215 quod
563 1151 634 1196 non
653 1134 787 1216 possint
810 1135 845 1197 in
868 1133 969 1200 caelo
986 1135 1199 1216 distinguere
1218 1134 1381 1200 Divinum

255 1229 289 1291 in
309 1229 386 1302 tria,
406 1229 568 1310 quoniam
587 1229 701 1293 sciunt
718 1237 754 1292 et
772 1229 965 1311 percipiunt
983 1229 1076 1314 quod
1095 1229 1257 1294 Divinum
1276 1249 1381 1296 unum

254 1325 311 1398 slt,
330 1333 368 1388 et
391 1323 483 1406 quod
506 1342 610 1388 unum
632 1325 678 1388 eit
700 1325 735 1388 in
759 1324 931 1388 Domino:
963 1325 1127 1389 dixerunt
1148 1325 1268 1400 etiam,
1287 1325 1380 1408 quod

255 1421 312 1503 qui
334 1419 380 1483 ab
402 1418 549 1484 ecclesia
571 1439 617 1483 ex
640 1419 771 1482 mundo
788 1419 943 1496 veniunt,
963 1419 1054 1503 apud
1072 1439 1160 1502 quos
1181 1419 1261 1484 idea
1275 1421 1379 1486 trium

255 1513 459 1579 Divinorum
482 1524 548 1590 est,
572 1533 642 1578 non
665 1515 801 1597 possint
824 1511 964 1579 admitti
990 1515 1025 1578 in
1048 1513 1194 1591 caelum,
1218 1516 1381 1598 quoniam

254 1619 346 1675 errat
364 1627 483 1674 eorum
499 1610 669 1692 cogitatio
687 1611 732 1673 ab
750 1629 819 1674 uno
837 1609 881 1673 ad
901 1609 1061 1685 alterum,
1078 1619 1116 1674 et
1139 1629 1209 1673 non
1228 1611 1274 1674 ibi
1297 1611 1380 1676 licet

254 1707 412 1787 cogitare
431 1714 503 1768 tres
525 1714 561 1768 et
584 1705 700 1768 dicere
715 1701 867 1781 unum,(¹⁸i
884 1707 963 1788 quia
981 1706 1125 1788 quisquc
1150 1705 1186 1769 ln
1209 1704 1307 1770 caelo
1331 1725 1381 1770 ere

254 1801 470 1882 cogitatione
497 1799 657 1882 loquitur,
678 1809 732 1864 est
755 1802 847 1864 enim
874 1801 921 1864 ibi
943 1800 1083 1883 loquela
1105 1802 1297 1882 cogitativa
1320 1821 1380 1865 seu

254 1897 425 1977 cogitatio
444 1895 610 1978 loquens;
633 1915 738 1978 quare
754 1897 809 1978 qui
834 1897 868 1958 in
887 1895 1267 1960 mundo'distinxerunt
1283 1896 1380 1960 Divi·

254 2009 335 2055 num
352 1992 385 2054 in
403 1993 478 2067 tria,
493 2011 532 2055 ac
549 2001 746 2073 separatam
762 1992 877 2056 ideam
893 1993 937 2056 de
953 1993 1144 2075 unoquovis
1160 2001 1380 2074 acceperunt,

253 2097 290 2152 et
306 2105 376 2150 non
389 2085 484 2150 illam
501 2087 534 2149 in
551 2085 703 2149 Domino
713 2105 817 2150 unam
830 2087 984 2151 lecerunt
1001 2098 1037 2151 et
1052 2095 1378 2163 concentraverunt,

254 2201 323 2246 non
340 2182 443 2264 recipi
460 2190 626 2264 possunt;
644 2183 747 2246 datur
760 2183 850 2246 enim
864 2183 898 2246 in
914 2181 1013 2246 caelo
1025 2184 1178 2246 omnium
1192 2183 1379 2264 cogitatio·

253 2297 333 2340 num
350 2277 629 2352 communicatio,
647 2297 751 2361 quare
769 2277 897 2342 siilluc
913 2279 1059 2354 veniret,
1077 2279 1134 2360 qui
1152 2279 1288 2360 cogitat
1307 2287 1379 2344 tres

253 2383 288 2437 et
308 2372 392 2436 dicit
409 2391 525 2447 unum,
542 2373 661 2435 statim
681 2373 974 2438 internosceretur
989 2381 1027 2437 et
1044 2372 1253 2455 rejiceretur.
1309 2373 1378 2440 Sed

252 2467 429 2548 sciendum
443 2475 508 2541 est,
522 2467 615 2550 quod
630 2485 753 2532 omnes
772 2467 822 2531 illi
840 2470 897 2551 qui
917 2487 986 2532 non
1003 2478 1249 2551 separaverunt
1260 2489 1378 2534 verum

252 2583 273 2626 a
295 2561 388 2625 bono
407 2581 468 2625 seu
485 2559 589 2626 fidem
608 2563 653 2626 ab
670 2581 799 2635 amore,
819 2564 852 2626 in
877 2563 988 2628 altera
1006 2565 1089 2640 vita,
1110 2583 1187 2627 cum
1207 2563 1376 2641 instructi,

252 2657 418 2739 recipiant
438 2655 550 2720 ideam
567 2657 757 2722 caelestem
777 2659 821 2722 de
839 2657 1001 2734 Domino,
1018 2659 1110 2746 quod
1130 2661 1174 2722 sit
1192 2657 1287 2723 Deus
1302 2661 1377 2723 uni·

250 2754 361 2830 versi;
389 2751 491 2816 aliter
509 2773 590 2816 vero
610 2754 665 2836 qui
684 2751 787 2816 fidem
807 2764 1054 2835 separaverunt
1077 2775 1098 2818 a
1119 2755 1204 2830 vita,
1224 2754 1291 2818 hoc
1310 2764 1376 2830 est,

251 2849 308 2932 qui
328 2867 397 2911 non
414 2847 576 2912 vixerunt
595 2849 784 2911 secundum
802 2859 990 2931 praecepta
1008 2869 1112 2912 verae
1131 2847 1220 2913 fidei.

314 2958 357 3026 3.
388 2941 454 3024 Qui
471 2944 561 3006 intra
576 2943 758 3008 ecclesiam
773 2951 987 3028 negaverunt
1004 2943 1200 3018 Dominum,
1215 2952 1250 3007 et
1267 2964 1376 3026 agno-

251 3049 375 3102 verunt
399 3038 510 3101 solum
536 3037 684 3113 Patrem,
708 3049 745 3102 et
775 3039 808 3102 in
837 3037 899 3102 tali
922 3037 989 3103 fide
1013 3060 1050 3102 se
1074 3038 1375 3114 confirmaverunt,

251 3133 300 3198 illi
319 3143 423 3197 extra
442 3133 575 3196 caelum
595 3143 695 3210 sunt;
726 3143 762 3197 et
786 3134 864 3216 quia
887 3154 956 3197 non
979 3134 1080 3197 datur
1099 3134 1190 3215 apud
1213 3133 1291 3196 illos
1314 3132 1377 3197 ali·

251 3231 326 3314 quis
339 3229 485 3292 influxus
498 3249 516 3292 e
530 3228 639 3304 caelo,
654 3229 710 3292 ubi
724 3228 892 3294 Dominus
905 3229 999 3292 solus
1012 3229 1186 3305 adoratur,
1200 3229 1378 3312 privantur

252 3345 312 3409 per
330 3325 458 3406 gradus
477 3323 643 3388 facultate
659 3325 838 3406 cogitandi
857 3343 974 3388 verum
993 3324 1036 3387 de
1055 3344 1257 3406 quacunque
1276 3345 1323 3400 re,
1340 3333 1376 3388 et

252 3419 395 3486 tandem
419 3418 504 3487 fiunt
527 3419 584 3484 vel
606 3419 694 3486 sicut
717 3421 814 3494 muti,
834 3419 890 3483 vel
913 3419 1100 3502 loquuntur
1122 3419 1261 3494 stolide,
1282 3428 1318 3482 et
1341 3419 1376 3482 in

251 3515 366 3581 eundo
382 3524 508 3588 errant,
522 3533 562 3577 ac
579 3513 719 3577 brachia
735 3534 852 3578 eorum
869 3515 1022 3596 pendent
1041 3523 1077 3578 et
1094 3513 1272 3577 vibrantur
1287 3515 1376 3578 sicut

252 3611 412 3692 expertia
441 3610 560 3674 virium
593 3610 629 3674 in
659 3609 870 3674 internodiis.
917 3607 984 3690 Qui
1013 3618 1131 3672 autem
1161 3617 1376 3690 negaverunt

253 3707 415 3770 Divinum
435 3704 585 3778 Domini,
605 3714 641 3768 et
664 3713 882 3785 agnoverunt
902 3703 1012 3768 solum
1033 3702 1232 3768 Humanum
1252 3702 1375 3786 Ipsius,

252 3814 289 3865 ut
313 3799 497 3872 Sociniani,
518 3799 566 3863 illi
587 3798 747 3864 similiter
770 3809 872 3864 extra
890 3799 1024 3864 caelum
1047 3809 1139 3874 sunt,
1159 3819 1200 3862 ac
1223 3798 1377 3862 seruntur

252 3904 446 3958 antrorsum
466 3893 568 3976 paulo
587 3915 705 3957 versus
721 3895 896 3969 dextrum,
913 3914 953 3957 ac
973 3895 1007 3956 in
1026 3893 1232 3974 profundum
1249 3892 1375 3972 demit-

252 3998 383 4064 tuntur,
408 3999 444 4053 et
467 3990 515 4052 sic
538 4009 676 4072 prorsus
699 3999 903 4074 separantur
932 4009 953 4052 a
975 3987 1113 4072 reliquis
1135 4008 1155 4051 e
1178 3987 1377 4052 Christiano

658 4246 697 4300 (n
709 4257 806 4290 uem
818 4246 980 4298 mmm)

307 4345 350 4416 (n)
371 4345 461 4418 Quod
481 4335 645 4401 Christiani
665 4343 695 4398 in
715 4343 810 4399 altera
827 4341 891 4398 vita
908 4341 1065 4413 explorati,
1102 4341 1200 4398 ualem
1221 4339 1318 4397 ideam
1338 4339 1376 4398 de

255 4417 322 4476 Deo
342 4433 403 4471 uno
426 4417 580 4478 haberent,
595 4425 627 4470 et
646 4415 728 4486 quod
748 4425 937 4484 compertum
959 4413 999 4468 sit
1019 4358 1102 4484 quoa
1118 4413 1263 4468 haberent
1279 4413 1376 4468 ideam

251 4490 345 4546 trium
359 4489 484 4542 deorum
500 4489 570 4555 (na
589 4499 632 4554 ao
649 4487 725 4556 525⁶·
739 4483 831 4554 10736,
848 4485 942 4554 10738,
954 4483 1063 4552 rotat).

305 4559 398 4632 Quod
415 4557 566 4613 Divinum·
593 4557 693 4614 tinum
707 4558 737 4612 in
749 4555 884 4614 Domino
893 4565 1073 4627 agnoscatur
1085 4555 1112 4610 in
1128 4554 1214 4612 caelo
1225 4555 1265 4620 (n.
1282 4563 1376 4623 1415,

259 4645 335 4699 ¹729·
349 4643 426 4699 ²0⁰5·
443 4629 519 4699 5²5⁶·
532 4629 625 4699 9303)-
