<?xml version="1.0" encoding="UTF-8"?>
<!DOCTYPE html PUBLIC "-//W3C//DTD XHTML 1.0 Transitional//EN"
    "http://www.w3.org/TR/xhtml1/DTD/xhtml1-transitional.dtd">
<html xmlns="http://www.w3.org/1999/xhtml" xml:lang="en" lang="en">
 <head>
  <title>
</title>
<meta http-equiv="Content-Type" content="text/html;charset=utf-8" />
  <meta name='ocr-system' content='tesseract 3.04.00' />
  <meta name='ocr-capabilities' content='ocr_page ocr_carea ocr_par ocr_line ocrx_word'/>
</head>
<body>
  <div class='ocr_page' id='page_1' title='image "./decaeloetejusmi00swedgoog_0121.png"; bbox 0 0 3382 5358; ppageno 0'>
   <div class='ocr_carea' id='block_1_1' title="bbox 293 607 1083 677">
    <p class='ocr_par' dir='ltr' id='par_1_1' title="bbox 293 607 1083 677">
     <span class='ocr_line' id='line_1_1' title="bbox 293 607 1083 677; baseline -0.005 -15"><span class='ocrx_word' id='word_1_1' title='bbox 293 613 353 677; x_wconf 84' lang='lat'>114</span> <span class='ocrx_word' id='word_1_2' title='bbox 609 611 661 663; x_wconf 80' lang='lat' dir='ltr'>DE</span> <span class='ocrx_word' id='word_1_3' title='bbox 683 609 809 662; x_wconf 83' lang='lat' dir='ltr'>CAELO</span> <span class='ocrx_word' id='word_1_4' title='bbox 832 610 880 661; x_wconf 86' lang='grc' dir='ltr'>ΕΤ</span> <span class='ocrx_word' id='word_1_5' title='bbox 903 607 1083 660; x_wconf 80' lang='lat' dir='ltr'><strong>INFERNO.</strong></span> 
     </span>
    </p>
   </div>
   <div class='ocr_carea' id='block_1_2' title="bbox 282 778 1407 1699">
    <p class='ocr_par' dir='ltr' id='par_1_2' title="bbox 282 778 1407 1699">
     <span class='ocr_line' id='line_1_2' title="bbox 289 778 1402 865; baseline -0.006 -20"><span class='ocrx_word' id='word_1_6' title='bbox 289 801 321 845; x_wconf 93' lang='lat' dir='ltr'>n.</span> <span class='ocrx_word' id='word_1_7' title='bbox 346 781 439 863; x_wconf 81' lang='grc'><strong>148);</strong></span> <span class='ocrx_word' id='word_1_8' title='bbox 471 801 510 846; x_wconf 91' lang='lat' dir='ltr'>ac</span> <span class='ocrx_word' id='word_1_9' title='bbox 534 782 641 847; x_wconf 88' lang='lat' dir='ltr'>altum</span> <span class='ocrx_word' id='word_1_10' title='bbox 665 783 698 847; x_wconf 91' lang='lat' dir='ltr'>in</span> <span class='ocrx_word' id='word_1_11' title='bbox 722 783 819 848; x_wconf 91' lang='lat' dir='ltr'>caelo</span> <span class='ocrx_word' id='word_1_12' title='bbox 842 793 896 848; x_wconf 88' lang='lat' dir='ltr'>est</span> <span class='ocrx_word' id='word_1_13' title='bbox 919 791 1097 865; x_wconf 86' lang='lat' dir='ltr'>utrumque</span> <span class='ocrx_word' id='word_1_14' title='bbox 1119 778 1306 844; x_wconf 85' lang='lat' dir='ltr'>secundum</span> <span class='ocrx_word' id='word_1_15' title='bbox 1326 797 1402 858; x_wconf 82' lang='lat' dir='ltr'>gra-</span> 
     </span>
     <span class='ocr_line' id='line_1_3' title="bbox 284 871 1407 958; baseline -0.003 -18"><span class='ocrx_word' id='word_1_16' title='bbox 284 879 357 940; x_wconf 86' lang='lat' dir='ltr'>dus.</span> <span class='ocrx_word' id='word_1_17' title='bbox 400 876 485 940; x_wconf 90' lang='lat' dir='ltr'>Inde</span> <span class='ocrx_word' id='word_1_18' title='bbox 504 885 569 950; x_wconf 84' lang='lat' dir='ltr'>est,</span> <span class='ocrx_word' id='word_1_19' title='bbox 589 876 681 957; x_wconf 93' lang='lat' dir='ltr'>quod</span> <span class='ocrx_word' id='word_1_20' title='bbox 700 873 734 938; x_wconf 91' lang='lat' dir='ltr'>in</span> <span class='ocrx_word' id='word_1_21' title='bbox 753 871 872 938; x_wconf 89' lang='lat' dir='ltr'>Verbo</span> <span class='ocrx_word' id='word_1_22' title='bbox 890 893 951 958; x_wconf 84' lang='lat' dir='ltr'>per</span> <span class='ocrx_word' id='word_1_23' title='bbox 965 873 1278 955; x_wconf 74' lang='lat' dir='ltr'>“longitudinem&#39;‘</span> <span class='ocrx_word' id='word_1_24' title='bbox 1298 874 1407 938; x_wconf 84' lang='lat' dir='ltr'>“lati-</span> 
     </span>
     <span class='ocr_line' id='line_1_4' title="bbox 283 969 1406 1052; baseline -0.003 -17"><span class='ocrx_word' id='word_1_25' title='bbox 283 970 469 1046; x_wconf 89' lang='lat' dir='ltr'>tudinem‚&#39;’</span> <span class='ocrx_word' id='word_1_26' title='bbox 492 979 528 1034; x_wconf 90' lang='lat' dir='ltr'>et</span> <span class='ocrx_word' id='word_1_27' title='bbox 554 969 826 1034; x_wconf 86' lang='lat' dir='ltr'>“altitudinem&#39;&#39;</span> <span class='ocrx_word' id='word_1_28' title='bbox 847 969 933 1034; x_wconf 91' lang='lat' dir='ltr'>talia</span> <span class='ocrx_word' id='word_1_29' title='bbox 955 969 1212 1052; x_wconf 83' lang='lat' dir='ltr'>significentur:</span> <span class='ocrx_word' id='word_1_30' title='bbox 1246 980 1285 1034; x_wconf 92' lang='lat' dir='ltr'>ut</span> <span class='ocrx_word' id='word_1_31' title='bbox 1314 970 1406 1052; x_wconf 87' lang='lat' dir='ltr'>apud</span> 
     </span>
     <span class='ocr_line' id='line_1_5' title="bbox 283 1063 1406 1147; baseline 0 -20"><span class='ocrx_word' id='word_1_32' title='bbox 283 1063 496 1140; x_wconf 77' lang='lat' dir='ltr'><em>Ezechielem,</em></span> <span class='ocrx_word' id='word_1_33' title='bbox 511 1085 531 1128; x_wconf 86' lang='lat' dir='ltr'>a</span> <span class='ocrx_word' id='word_1_34' title='bbox 549 1065 664 1146; x_wconf 88' lang='lat' dir='ltr'>capite</span> <span class='ocrx_word' id='word_1_35' title='bbox 683 1063 731 1128; x_wconf 89' lang='lat' dir='ltr'>xl.</span> <span class='ocrx_word' id='word_1_36' title='bbox 745 1065 789 1128; x_wconf 84' lang='lat' dir='ltr'>ad</span> <span class='ocrx_word' id='word_1_37' title='bbox 809 1064 928 1140; x_wconf 78' lang='lat' dir='ltr'>xlviii,</span> <span class='ocrx_word' id='word_1_38' title='bbox 942 1065 999 1128; x_wconf 90' lang='lat' dir='ltr'>ubi</span> <span class='ocrx_word' id='word_1_39' title='bbox 1018 1084 1077 1145; x_wconf 88' lang='lat' dir='ltr'>per</span> <span class='ocrx_word' id='word_1_40' title='bbox 1096 1084 1273 1128; x_wconf 84' lang='lat' dir='ltr'>mensuras</span> <span class='ocrx_word' id='word_1_41' title='bbox 1292 1065 1406 1147; x_wconf 90' lang='lat' dir='ltr'>quoad</span> 
     </span>
     <span class='ocr_line' id='line_1_6' title="bbox 282 1157 1405 1242; baseline 0 -20"><span class='ocrx_word' id='word_1_42' title='bbox 282 1160 437 1242; x_wconf 89' lang='lat' dir='ltr'>longum,</span> <span class='ocrx_word' id='word_1_43' title='bbox 458 1161 566 1224; x_wconf 87' lang='lat' dir='ltr'>latum</span> <span class='ocrx_word' id='word_1_44' title='bbox 590 1171 625 1223; x_wconf 90' lang='lat' dir='ltr'>et</span> <span class='ocrx_word' id='word_1_45' title='bbox 648 1159 757 1224; x_wconf 90' lang='lat' dir='ltr'>altum</span> <span class='ocrx_word' id='word_1_46' title='bbox 776 1159 981 1224; x_wconf 86' lang='lat' dir='ltr'>describitur</span> <span class='ocrx_word' id='word_1_47' title='bbox 1004 1158 1141 1222; x_wconf 91' lang='lat' dir='ltr'>Novum</span> <span class='ocrx_word' id='word_1_48' title='bbox 1161 1157 1346 1242; x_wconf 86' lang='lat' dir='ltr'>Templum</span> <span class='ocrx_word' id='word_1_49' title='bbox 1369 1168 1405 1222; x_wconf 90' lang='lat' dir='ltr'>et</span> 
     </span>
     <span class='ocr_line' id='line_1_7' title="bbox 283 1253 1405 1337; baseline -0.002 -19"><span class='ocrx_word' id='word_1_50' title='bbox 283 1255 383 1320; x_wconf 90' lang='lat' dir='ltr'>Nova</span> <span class='ocrx_word' id='word_1_51' title='bbox 401 1255 519 1330; x_wconf 88' lang='lat' dir='ltr'>Terra,</span> <span class='ocrx_word' id='word_1_52' title='bbox 537 1273 614 1318; x_wconf 91' lang='lat' dir='ltr'>cum</span> <span class='ocrx_word' id='word_1_53' title='bbox 633 1255 740 1330; x_wconf 89' lang='lat' dir='ltr'>atriis,</span> <span class='ocrx_word' id='word_1_54' title='bbox 761 1255 993 1330; x_wconf 80' lang='lat' dir='ltr'>conclavibus,</span> <span class='ocrx_word' id='word_1_55' title='bbox 1014 1257 1134 1337; x_wconf 87' lang='lat' dir='ltr'>portis,</span> <span class='ocrx_word' id='word_1_56' title='bbox 1152 1253 1273 1335; x_wconf 87' lang='lat' dir='ltr'>januis,</span> <span class='ocrx_word' id='word_1_57' title='bbox 1293 1253 1405 1317; x_wconf 87' lang='lat' dir='ltr'>senes·</span> 
     </span>
     <span class='ocr_line' id='line_1_8' title="bbox 283 1347 1406 1432; baseline -0.003 -18"><span class='ocrx_word' id='word_1_58' title='bbox 283 1352 355 1427; x_wconf 91' lang='lat' dir='ltr'>tris,</span> <span class='ocrx_word' id='word_1_59' title='bbox 370 1351 547 1424; x_wconf 88' lang='lat' dir='ltr'>suburbiis,</span> <span class='ocrx_word' id='word_1_60' title='bbox 566 1369 626 1431; x_wconf 87' lang='lat' dir='ltr'>per</span> <span class='ocrx_word' id='word_1_61' title='bbox 644 1369 731 1432; x_wconf 89' lang='lat' dir='ltr'>quae</span> <span class='ocrx_word' id='word_1_62' title='bbox 748 1349 960 1431; x_wconf 87' lang='lat' dir='ltr'>significatur</span> <span class='ocrx_word' id='word_1_63' title='bbox 976 1369 1065 1414; x_wconf 90' lang='lat' dir='ltr'>nova</span> <span class='ocrx_word' id='word_1_64' title='bbox 1081 1349 1240 1426; x_wconf 88' lang='lat' dir='ltr'>ecclesia,</span> <span class='ocrx_word' id='word_1_65' title='bbox 1257 1369 1297 1412; x_wconf 88' lang='lat' dir='ltr'>ac</span> <span class='ocrx_word' id='word_1_66' title='bbox 1314 1347 1406 1412; x_wconf 90' lang='lat' dir='ltr'>bona</span> 
     </span>
     <span class='ocr_line' id='line_1_9' title="bbox 282 1443 1404 1529; baseline -0.004 -20"><span class='ocrx_word' id='word_1_67' title='bbox 282 1455 318 1509; x_wconf 90' lang='lat' dir='ltr'>et</span> <span class='ocrx_word' id='word_1_68' title='bbox 341 1467 421 1510; x_wconf 88' lang='lat' dir='ltr'>vera</span> <span class='ocrx_word' id='word_1_69' title='bbox 440 1466 527 1529; x_wconf 91' lang='lat' dir='ltr'>quae</span> <span class='ocrx_word' id='word_1_70' title='bbox 550 1445 615 1522; x_wconf 89' lang='lat' dir='ltr'>ibi;</span> <span class='ocrx_word' id='word_1_71' title='bbox 642 1444 685 1507; x_wconf 93' lang='lat' dir='ltr'>ad</span> <span class='ocrx_word' id='word_1_72' title='bbox 709 1445 788 1527; x_wconf 94' lang='lat' dir='ltr'>quid</span> <span class='ocrx_word' id='word_1_73' title='bbox 812 1445 938 1529; x_wconf 89' lang='lat' dir='ltr'>alioqui</span> <span class='ocrx_word' id='word_1_74' title='bbox 957 1465 1078 1508; x_wconf 89' lang='lat' dir='ltr'>omnes</span> <span class='ocrx_word' id='word_1_75' title='bbox 1096 1443 1177 1508; x_wconf 88' lang='lat' dir='ltr'>illae</span> <span class='ocrx_word' id='word_1_76' title='bbox 1200 1443 1404 1508; x_wconf 84' lang='lat' dir='ltr'>mensurae?</span> 
     </span>
     <span class='ocr_line' id='line_1_10' title="bbox 283 1537 1403 1622; baseline -0.003 -18"><span class='ocrx_word' id='word_1_77' title='bbox 283 1539 445 1605; x_wconf 89' lang='lat' dir='ltr'>Similiter</span> <span class='ocrx_word' id='word_1_78' title='bbox 463 1540 666 1605; x_wconf 87' lang='lat' dir='ltr'>describitur</span> <span class='ocrx_word' id='word_1_79' title='bbox 685 1539 785 1605; x_wconf 90' lang='lat' dir='ltr'>Nova</span> <span class='ocrx_word' id='word_1_80' title='bbox 805 1539 1049 1622; x_wconf 89' lang='lat' dir='ltr'>Hierosolyma</span> <span class='ocrx_word' id='word_1_81' title='bbox 1071 1541 1103 1603; x_wconf 95' lang='lat' dir='ltr'>in</span> <span class='ocrx_word' id='word_1_82' title='bbox 1122 1537 1333 1622; x_wconf 81' lang='lat' dir='ltr'>Apocalypsi</span> <span class='ocrx_word' id='word_1_83' title='bbox 1351 1538 1403 1602; x_wconf 90' lang='lat' dir='ltr'>his</span> 
     </span>
     <span class='ocr_line' id='line_1_11' title="bbox 282 1635 414 1699; baseline 0.015 -2"><span class='ocrx_word' id='word_1_84' title='bbox 282 1635 414 1699; x_wconf 88' lang='lat' dir='ltr'>verbis:</span> 
     </span>
    </p>
   </div>
   <div class='ocr_carea' id='block_1_3' title="bbox 331 1768 1402 2030">
    <p class='ocr_par' dir='ltr' id='par_1_3' title="bbox 331 1768 1402 2030">
     <span class='ocr_line' id='line_1_12' title="bbox 331 1768 1402 1834; baseline -0.002 -14"><span class='ocrx_word' id='word_1_85' title='bbox 331 1771 346 1794; x_wconf 80' lang='lat'>‘⁸</span> <span class='ocrx_word' id='word_1_86' title='bbox 355 1768 459 1820; x_wconf 81' lang='lat' dir='ltr'>Civitas</span> <span class='ocrx_word' id='word_1_87' title='bbox 477 1769 524 1820; x_wconf 83' lang='lat' dir='ltr'>illa</span> <span class='ocrx_word' id='word_1_88' title='bbox 538 1771 762 1834; x_wconf 75' lang='lat' dir='ltr'>quadrangularis</span> <span class='ocrx_word' id='word_1_89' title='bbox 776 1771 829 1820; x_wconf 86' lang='lat' dir='ltr'>sita</span> <span class='ocrx_word' id='word_1_90' title='bbox 842 1779 891 1828; x_wconf 82' lang='lat' dir='ltr'>est,</span> <span class='ocrx_word' id='word_1_91' title='bbox 907 1769 984 1832; x_wconf 88' lang='lat' dir='ltr'>cujus</span> <span class='ocrx_word' id='word_1_92' title='bbox 997 1770 1139 1833; x_wconf 83' lang='lat' dir='ltr'>longitudo</span> <span class='ocrx_word' id='word_1_93' title='bbox 1151 1779 1229 1819; x_wconf 80' lang='lat' dir='ltr'>tanta</span> <span class='ocrx_word' id='word_1_94' title='bbox 1241 1777 1284 1819; x_wconf 83' lang='lat' dir='ltr'>est</span> <span class='ocrx_word' id='word_1_95' title='bbox 1301 1777 1402 1833; x_wconf 78' lang='lat' dir='ltr'>quanta</span> 
     </span>
     <span class='ocr_line' id='line_1_13' title="bbox 411 1835 1401 1899; baseline -0.002 -13"><span class='ocrx_word' id='word_1_96' title='bbox 411 1844 454 1886; x_wconf 85' lang='lat' dir='ltr'>est</span> <span class='ocrx_word' id='word_1_97' title='bbox 465 1837 595 1892; x_wconf 82' lang='lat' dir='ltr'>latitudo:</span> <span class='ocrx_word' id='word_1_98' title='bbox 616 1851 779 1899; x_wconf 85' lang='lat' dir='ltr'>mensusque</span> <span class='ocrx_word' id='word_1_99' title='bbox 792 1845 834 1885; x_wconf 88' lang='lat' dir='ltr'>est</span> <span class='ocrx_word' id='word_1_100' title='bbox 851 1837 987 1886; x_wconf 80' lang='lat' dir='ltr'>civitatem</span> <span class='ocrx_word' id='word_1_101' title='bbox 1000 1836 1106 1885; x_wconf 81' lang='lat' dir='ltr'>calamo</span> <span class='ocrx_word' id='word_1_102' title='bbox 1120 1835 1155 1885; x_wconf 78' lang='lat' dir='ltr'>ad</span> <span class='ocrx_word' id='word_1_103' title='bbox 1172 1836 1321 1885; x_wconf 80' lang='lat' dir='ltr'>stadiorum</span> <span class='ocrx_word' id='word_1_104' title='bbox 1334 1836 1401 1884; x_wconf 86' lang='lat' dir='ltr'>duo·</span> 
     </span>
     <span class='ocr_line' id='line_1_14' title="bbox 411 1899 1401 2030; baseline -0.002 -78"><span class='ocrx_word' id='word_1_105' title='bbox 411 1903 500 2030; x_wconf 43' lang='lat'>{13:112</span> <span class='ocrx_word' id='word_1_106' title='bbox 504 1903 616 2029; x_wconf 45' lang='lat' dir='ltr'>ilium</span> <span class='ocrx_word' id='word_1_107' title='bbox 639 1910 754 1966; x_wconf 80' lang='lat' dir='ltr'>suntque</span> <span class='ocrx_word' id='word_1_108' title='bbox 771 1901 921 1965; x_wconf 75' lang='lat' dir='ltr'>longitudo,</span> <span class='ocrx_word' id='word_1_109' title='bbox 935 1903 1056 1961; x_wconf 77' lang='lat' dir='ltr'>latitudo,</span> <span class='ocrx_word' id='word_1_110' title='bbox 1070 1911 1099 1952; x_wconf 84' lang='lat' dir='ltr'>et</span> <span class='ocrx_word' id='word_1_111' title='bbox 1120 1902 1235 1952; x_wconf 80' lang='lat' dir='ltr'>altitudo</span> <span class='ocrx_word' id='word_1_112' title='bbox 1251 1901 1378 1966; x_wconf 78' lang='lat' dir='ltr'>aequales</span> <span class='ocrx_word' id='word_1_113' title='bbox 1386 1899 1401 1920; x_wconf 90' lang='lat'><strong>”</strong></span> 
     </span>
    </p>
   </div>
   <div class='ocr_carea' id='block_1_4' title="bbox 278 2105 1400 2953">
    <p class='ocr_par' dir='ltr' id='par_1_4' title="bbox 278 2105 1400 2953">
     <span class='ocr_line' id='line_1_15' title="bbox 280 2105 1400 2194; baseline 0 -19"><span class='ocrx_word' id='word_1_114' title='bbox 280 2110 326 2175; x_wconf 90' lang='lat' dir='ltr'>ibi</span> <span class='ocrx_word' id='word_1_115' title='bbox 356 2111 434 2194; x_wconf 90' lang='lat' dir='ltr'>quia</span> <span class='ocrx_word' id='word_1_116' title='bbox 456 2130 517 2192; x_wconf 88' lang='lat' dir='ltr'>per</span> <span class='ocrx_word' id='word_1_117' title='bbox 541 2105 709 2174; x_wconf 90' lang='lat' dir='ltr'>“Novam</span> <span class='ocrx_word' id='word_1_118' title='bbox 734 2109 1015 2191; x_wconf 86' lang='lat' dir='ltr'>Hierosolymam</span> <span class='ocrx_word' id='word_1_119' title='bbox 1025 2109 1041 2136; x_wconf 93' lang='lat'>”</span> <span class='ocrx_word' id='word_1_120' title='bbox 1064 2109 1278 2192; x_wconf 82' lang='lat' dir='ltr'>significatur</span> <span class='ocrx_word' id='word_1_121' title='bbox 1307 2129 1400 2175; x_wconf 86' lang='lat' dir='ltr'>nova</span> 
     </span>
     <span class='ocr_line' id='line_1_16' title="bbox 280 2204 1399 2288; baseline 0 -18"><span class='ocrx_word' id='word_1_122' title='bbox 280 2206 438 2280; x_wconf 88' lang='lat' dir='ltr'>ecclesia,</span> <span class='ocrx_word' id='word_1_123' title='bbox 463 2207 541 2270; x_wconf 90' lang='lat' dir='ltr'>ideo</span> <span class='ocrx_word' id='word_1_124' title='bbox 571 2225 630 2288; x_wconf 89' lang='lat' dir='ltr'>per</span> <span class='ocrx_word' id='word_1_125' title='bbox 660 2225 837 2270; x_wconf 89' lang='lat' dir='ltr'>mensuras</span> <span class='ocrx_word' id='word_1_126' title='bbox 867 2205 945 2268; x_wconf 91' lang='lat' dir='ltr'>illas</span> <span class='ocrx_word' id='word_1_127' title='bbox 968 2204 1204 2287; x_wconf 87' lang='lat' dir='ltr'>significantur</span> <span class='ocrx_word' id='word_1_128' title='bbox 1231 2205 1290 2270; x_wconf 88' lang='lat' dir='ltr'>illa</span> <span class='ocrx_word' id='word_1_129' title='bbox 1312 2227 1399 2288; x_wconf 90' lang='lat' dir='ltr'>quae</span> 
     </span>
     <span class='ocr_line' id='line_1_17' title="bbox 279 2299 1397 2383; baseline 0 -19"><span class='ocrx_word' id='word_1_130' title='bbox 279 2301 446 2366; x_wconf 85' lang='lat' dir='ltr'>ecclesiae</span> <span class='ocrx_word' id='word_1_131' title='bbox 469 2310 569 2379; x_wconf 91' lang='lat' dir='ltr'>sunt;</span> <span class='ocrx_word' id='word_1_132' title='bbox 598 2321 658 2382; x_wconf 90' lang='lat' dir='ltr'>per</span> <span class='ocrx_word' id='word_1_133' title='bbox 682 2301 967 2383; x_wconf 87' lang='lat' dir='ltr'>“longitudinem</span> <span class='ocrx_word' id='word_1_134' title='bbox 978 2299 994 2326; x_wconf 84' lang='lat'>&#39;¹</span> <span class='ocrx_word' id='word_1_135' title='bbox 1017 2300 1145 2364; x_wconf 92' lang='lat' dir='ltr'>bonum</span> <span class='ocrx_word' id='word_1_136' title='bbox 1168 2301 1294 2364; x_wconf 91' lang='lat' dir='ltr'>amoris</span> <span class='ocrx_word' id='word_1_137' title='bbox 1316 2299 1397 2382; x_wconf 86' lang='lat' dir='ltr'>ejus,</span> 
     </span>
     <span class='ocr_line' id='line_1_18' title="bbox 279 2395 1398 2478; baseline 0 -18"><span class='ocrx_word' id='word_1_138' title='bbox 279 2416 340 2478; x_wconf 89' lang='lat' dir='ltr'>per</span> <span class='ocrx_word' id='word_1_139' title='bbox 360 2397 607 2459; x_wconf 87' lang='lat' dir='ltr'>“latitudinem</span> <span class='ocrx_word' id='word_1_140' title='bbox 618 2396 633 2421; x_wconf 89' lang='lat'>&#39;&#39;</span> <span class='ocrx_word' id='word_1_141' title='bbox 649 2415 766 2460; x_wconf 89' lang='lat' dir='ltr'>verum</span> <span class='ocrx_word' id='word_1_142' title='bbox 786 2414 831 2460; x_wconf 79' lang='lat' dir='ltr'>ex</span> <span class='ocrx_word' id='word_1_143' title='bbox 850 2396 910 2459; x_wconf 92' lang='lat' dir='ltr'>illo</span> <span class='ocrx_word' id='word_1_144' title='bbox 926 2397 1029 2470; x_wconf 86' lang='lat' dir='ltr'>bono,</span> <span class='ocrx_word' id='word_1_145' title='bbox 1048 2417 1108 2478; x_wconf 89' lang='lat' dir='ltr'>per</span> <span class='ocrx_word' id='word_1_146' title='bbox 1125 2396 1374 2460; x_wconf 85' lang='lat' dir='ltr'>“altitudinem</span> <span class='ocrx_word' id='word_1_147' title='bbox 1383 2395 1398 2421; x_wconf 91' lang='lat'><strong>”</strong></span> 
     </span>
     <span class='ocr_line' id='line_1_19' title="bbox 279 2489 1398 2573; baseline -0.001 -20"><span class='ocrx_word' id='word_1_148' title='bbox 279 2490 405 2554; x_wconf 88' lang='lat' dir='ltr'>bonum</span> <span class='ocrx_word' id='word_1_149' title='bbox 423 2499 459 2553; x_wconf 91' lang='lat' dir='ltr'>et</span> <span class='ocrx_word' id='word_1_150' title='bbox 479 2511 596 2553; x_wconf 87' lang='lat' dir='ltr'>verum</span> <span class='ocrx_word' id='word_1_151' title='bbox 613 2491 724 2573; x_wconf 89' lang='lat' dir='ltr'>quoad</span> <span class='ocrx_word' id='word_1_152' title='bbox 742 2491 878 2573; x_wconf 87' lang='lat' dir='ltr'>gradus,</span> <span class='ocrx_word' id='word_1_153' title='bbox 896 2509 956 2572; x_wconf 88' lang='lat' dir='ltr'>per</span> <span class='ocrx_word' id='word_1_154' title='bbox 973 2490 1183 2554; x_wconf 88' lang='lat' dir='ltr'>“duodecim</span> <span class='ocrx_word' id='word_1_155' title='bbox 1201 2489 1307 2554; x_wconf 88' lang='lat' dir='ltr'>millia</span> <span class='ocrx_word' id='word_1_156' title='bbox 1325 2499 1398 2553; x_wconf 88' lang='lat' dir='ltr'>sta·</span> 
     </span>
     <span class='ocr_line' id='line_1_20' title="bbox 279 2585 1398 2668; baseline 0 -20"><span class='ocrx_word' id='word_1_157' title='bbox 279 2587 411 2649; x_wconf 88' lang='lat' dir='ltr'>diorum</span> <span class='ocrx_word' id='word_1_158' title='bbox 422 2585 437 2610; x_wconf 92' lang='lat'><strong>”</strong></span> <span class='ocrx_word' id='word_1_159' title='bbox 456 2603 558 2648; x_wconf 89' lang='lat' dir='ltr'>omne</span> <span class='ocrx_word' id='word_1_160' title='bbox 577 2585 705 2650; x_wconf 91' lang='lat' dir='ltr'>bonum</span> <span class='ocrx_word' id='word_1_161' title='bbox 729 2595 765 2649; x_wconf 90' lang='lat' dir='ltr'>et</span> <span class='ocrx_word' id='word_1_162' title='bbox 788 2605 905 2649; x_wconf 90' lang='lat' dir='ltr'>verum</span> <span class='ocrx_word' id='word_1_163' title='bbox 924 2587 956 2647; x_wconf 93' lang='lat' dir='ltr'>in</span> <span class='ocrx_word' id='word_1_164' title='bbox 976 2585 1182 2667; x_wconf 88' lang='lat' dir='ltr'>complexu;</span> <span class='ocrx_word' id='word_1_165' title='bbox 1212 2585 1292 2668; x_wconf 90' lang='lat' dir='ltr'>quid</span> <span class='ocrx_word' id='word_1_166' title='bbox 1312 2585 1398 2648; x_wconf 90' lang='lat' dir='ltr'>alio·</span> 
     </span>
     <span class='ocr_line' id='line_1_21' title="bbox 278 2680 1396 2763; baseline 0.001 -20"><span class='ocrx_word' id='word_1_167' title='bbox 278 2682 335 2762; x_wconf 91' lang='lat' dir='ltr'>qui</span> <span class='ocrx_word' id='word_1_168' title='bbox 357 2681 456 2756; x_wconf 84' lang='lat' dir='ltr'>foret,</span> <span class='ocrx_word' id='word_1_169' title='bbox 477 2681 569 2763; x_wconf 91' lang='lat' dir='ltr'>quod</span> <span class='ocrx_word' id='word_1_170' title='bbox 588 2681 738 2744; x_wconf 91' lang='lat' dir='ltr'>altitudo</span> <span class='ocrx_word' id='word_1_171' title='bbox 756 2691 849 2745; x_wconf 87' lang='lat' dir='ltr'>esset</span> <span class='ocrx_word' id='word_1_172' title='bbox 869 2681 1050 2745; x_wconf 87' lang='lat' dir='ltr'>duodecim</span> <span class='ocrx_word' id='word_1_173' title='bbox 1070 2680 1177 2744; x_wconf 92' lang='lat' dir='ltr'>millia</span> <span class='ocrx_word' id='word_1_174' title='bbox 1195 2681 1396 2757; x_wconf 90' lang='lat' dir='ltr'>stadiorum,</span> 
     </span>
     <span class='ocr_line' id='line_1_22' title="bbox 278 2774 1397 2859; baseline 0 -21"><span class='ocrx_word' id='word_1_175' title='bbox 278 2777 367 2840; x_wconf 89' lang='lat' dir='ltr'>sicut</span> <span class='ocrx_word' id='word_1_176' title='bbox 390 2776 572 2858; x_wconf 87' lang='lat' dir='ltr'>longitudo</span> <span class='ocrx_word' id='word_1_177' title='bbox 590 2785 626 2839; x_wconf 93' lang='lat' dir='ltr'>et</span> <span class='ocrx_word' id='word_1_178' title='bbox 646 2775 815 2840; x_wconf 86' lang='lat' dir='ltr'>latitudo?</span> <span class='ocrx_word' id='word_1_179' title='bbox 859 2774 961 2857; x_wconf 83' lang='lat' dir='ltr'>Quod</span> <span class='ocrx_word' id='word_1_180' title='bbox 981 2777 1014 2838; x_wconf 94' lang='lat' dir='ltr'>in</span> <span class='ocrx_word' id='word_1_181' title='bbox 1034 2775 1152 2840; x_wconf 92' lang='lat' dir='ltr'>Verbo</span> <span class='ocrx_word' id='word_1_182' title='bbox 1171 2797 1230 2859; x_wconf 88' lang='lat' dir='ltr'>per</span> <span class='ocrx_word' id='word_1_183' title='bbox 1248 2775 1397 2840; x_wconf 84' lang='lat' dir='ltr'>“latitu-</span> 
     </span>
     <span class='ocr_line' id='line_1_23' title="bbox 278 2869 1231 2953; baseline 0 -19"><span class='ocrx_word' id='word_1_184' title='bbox 278 2871 393 2935; x_wconf 88' lang='lat' dir='ltr'>dinem</span> <span class='ocrx_word' id='word_1_185' title='bbox 404 2871 419 2896; x_wconf 90' lang='lat'><strong>”</strong></span> <span class='ocrx_word' id='word_1_186' title='bbox 438 2869 647 2952; x_wconf 84' lang='lat' dir='ltr'>significetur</span> <span class='ocrx_word' id='word_1_187' title='bbox 665 2891 795 2946; x_wconf 89' lang='lat' dir='ltr'>verum,</span> <span class='ocrx_word' id='word_1_188' title='bbox 817 2881 914 2953; x_wconf 87' lang='lat' dir='ltr'>patet</span> <span class='ocrx_word' id='word_1_189' title='bbox 934 2870 1023 2953; x_wconf 86' lang='lat' dir='ltr'>apud</span> <span class='ocrx_word' id='word_1_190' title='bbox 1042 2870 1231 2934; x_wconf 80' lang='lat' dir='ltr'>Davidem:</span> 
     </span>
    </p>
   </div>
   <div class='ocr_carea' id='block_1_5' title="bbox 327 3013 1398 3274">
    <p class='ocr_par' dir='ltr' id='par_1_5' title="bbox 327 3013 1398 3274">
     <span class='ocr_line' id='line_1_24' title="bbox 327 3013 1398 3076; baseline 0 -13"><span class='ocrx_word' id='word_1_191' title='bbox 327 3013 449 3076; x_wconf 83' lang='lat' dir='ltr'>Jehovah</span> <span class='ocrx_word' id='word_1_192' title='bbox 463 3017 541 3063; x_wconf 85' lang='lat' dir='ltr'>“non</span> <span class='ocrx_word' id='word_1_193' title='bbox 556 3013 711 3064; x_wconf 84' lang='lat' dir='ltr'>conclusisti</span> <span class='ocrx_word' id='word_1_194' title='bbox 725 3029 769 3063; x_wconf 85' lang='lat' dir='ltr'>me</span> <span class='ocrx_word' id='word_1_195' title='bbox 783 3014 810 3062; x_wconf 91' lang='lat' dir='ltr'>in</span> <span class='ocrx_word' id='word_1_196' title='bbox 826 3029 935 3064; x_wconf 86' lang='lat' dir='ltr'>manum</span> <span class='ocrx_word' id='word_1_197' title='bbox 951 3013 1060 3074; x_wconf 84' lang='lat' dir='ltr'>inimici,</span> <span class='ocrx_word' id='word_1_198' title='bbox 1073 3023 1145 3064; x_wconf 85' lang='lat' dir='ltr'>stare</span> <span class='ocrx_word' id='word_1_199' title='bbox 1159 3013 1247 3064; x_wconf 84' lang='lat' dir='ltr'>fecisti</span> <span class='ocrx_word' id='word_1_200' title='bbox 1265 3013 1293 3064; x_wconf 88' lang='lat' dir='ltr'>in</span> <span class='ocrx_word' id='word_1_201' title='bbox 1307 3013 1398 3063; x_wconf 84' lang='lat' dir='ltr'>latitu-</span> 
     </span>
     <span class='ocr_line' id='line_1_25' title="bbox 408 3078 937 3143; baseline 0 -15"><span class='ocrx_word' id='word_1_202' title='bbox 408 3080 471 3129; x_wconf 88' lang='lat' dir='ltr'>dine</span> <span class='ocrx_word' id='word_1_203' title='bbox 484 3081 565 3143; x_wconf 85' lang='lat' dir='ltr'>pedes</span> <span class='ocrx_word' id='word_1_204' title='bbox 578 3093 654 3128; x_wconf 84' lang='lat' dir='ltr'>meos</span> <span class='ocrx_word' id='word_1_205' title='bbox 663 3078 678 3101; x_wconf 78' lang='lat'>&#39;⁹</span> <span class='ocrx_word' id='word_1_206' title='bbox 689 3079 798 3138; x_wconf 84' lang='lat' dir='ltr'>(Psalm.</span> <span class='ocrx_word' id='word_1_207' title='bbox 811 3081 882 3130; x_wconf 86' lang='lat' dir='ltr'>xxxi.</span> <span class='ocrx_word' id='word_1_208' title='bbox 895 3079 937 3142; x_wconf 69' lang='lat' dir='ltr'>ol:</span> 
     </span>
     <span class='ocr_line' id='line_1_26' title="bbox 327 3143 1395 3274; baseline 0 -78"><span class='ocrx_word' id='word_1_209' title='bbox 327 3147 342 3170; x_wconf 84' lang='lat'><strong>“</strong></span> <span class='ocrx_word' id='word_1_210' title='bbox 350 3145 391 3196; x_wconf 85' lang='lat' dir='ltr'>Ex</span> <span class='ocrx_word' id='word_1_211' title='bbox 407 3145 675 3274; x_wconf 40' lang='lat' dir='ltr'>{negztis3&#39;invocavi</span> <span class='ocrx_word' id='word_1_212' title='bbox 693 3145 753 3210; x_wconf 80' lang='lat' dir='ltr'>Jau,</span> <span class='ocrx_word' id='word_1_213' title='bbox 772 3143 945 3209; x_wconf 81' lang='lat' dir='ltr'>1¹lrespondet</span> <span class='ocrx_word' id='word_1_214' title='bbox 962 3146 1028 3196; x_wconf 87' lang='lat' dir='ltr'>mibi</span> <span class='ocrx_word' id='word_1_215' title='bbox 1052 3147 1080 3196; x_wconf 93' lang='lat' dir='ltr'>in</span> <span class='ocrx_word' id='word_1_216' title='bbox 1103 3145 1244 3196; x_wconf 81' lang='lat' dir='ltr'>latitudine</span> <span class='ocrx_word' id='word_1_217' title='bbox 1253 3143 1268 3166; x_wconf 86' lang='lat'>&#39;&#39;</span> <span class='ocrx_word' id='word_1_218' title='bbox 1285 3143 1395 3206; x_wconf 69' lang='lat' dir='ltr'>(psalm.</span> 
     </span>
    </p>
   </div>
   <div class='ocr_carea' id='block_1_6' title="bbox 275 3344 1397 3914">
    <p class='ocr_par' dir='ltr' id='par_1_6' title="bbox 276 3344 1397 3525">
     <span class='ocr_line' id='line_1_27' title="bbox 276 3344 1397 3430; baseline -0.002 -20"><span class='ocrx_word' id='word_1_219' title='bbox 276 3357 412 3428; x_wconf 87' lang='lat' dir='ltr'>praeter</span> <span class='ocrx_word' id='word_1_220' title='bbox 422 3347 511 3421; x_wconf 85' lang='lat' dir='ltr'>alibi,</span> <span class='ocrx_word' id='word_1_221' title='bbox 525 3357 562 3410; x_wconf 93' lang='lat' dir='ltr'>ut</span> <span class='ocrx_word' id='word_1_222' title='bbox 573 3346 661 3428; x_wconf 90' lang='lat' dir='ltr'>apud</span> <span class='ocrx_word' id='word_1_223' title='bbox 673 3345 814 3410; x_wconf 85' lang='lat' dir='ltr'>Esaiam</span> <span class='ocrx_word' id='word_1_224' title='bbox 829 3344 918 3428; x_wconf 89' lang='lat' dir='ltr'>(cap.</span> <span class='ocrx_word' id='word_1_225' title='bbox 929 3346 995 3410; x_wconf 84' lang='lat' dir='ltr'>viii.</span> <span class='ocrx_word' id='word_1_226' title='bbox 1004 3345 1039 3429; x_wconf 84' lang='lat'>8)</span> <span class='ocrx_word' id='word_1_227' title='bbox 1053 3368 1060 3424; x_wconf 88' lang='lat'><strong>;</strong></span> <span class='ocrx_word' id='word_1_228' title='bbox 1081 3355 1115 3410; x_wconf 90' lang='lat' dir='ltr'>et</span> <span class='ocrx_word' id='word_1_229' title='bbox 1126 3346 1216 3430; x_wconf 88' lang='lat' dir='ltr'>apud</span> <span class='ocrx_word' id='word_1_230' title='bbox 1227 3345 1397 3410; x_wconf 84' lang='lat' dir='ltr'>Habakuk</span> 
     </span>
     <span class='ocr_line' id='line_1_28' title="bbox 278 3439 929 3525; baseline -0.003 -19"><span class='ocrx_word' id='word_1_231' title='bbox 278 3439 367 3525; x_wconf 87' lang='lat' dir='ltr'>(cap.</span> <span class='ocrx_word' id='word_1_232' title='bbox 387 3443 406 3507; x_wconf 87' lang='lat' dir='ltr'>i.</span> <span class='ocrx_word' id='word_1_233' title='bbox 425 3441 461 3525; x_wconf 90' lang='lat'>6)</span> <span class='ocrx_word' id='word_1_234' title='bbox 477 3463 485 3520; x_wconf 91' lang='grc'><strong>;</strong></span> <span class='ocrx_word' id='word_1_235' title='bbox 508 3444 558 3506; x_wconf 93' lang='lat' dir='ltr'>ita</span> <span class='ocrx_word' id='word_1_236' title='bbox 577 3463 711 3525; x_wconf 91' lang='lat' dir='ltr'>quoque</span> <span class='ocrx_word' id='word_1_237' title='bbox 731 3443 764 3505; x_wconf 90' lang='lat' dir='ltr'>in</span> <span class='ocrx_word' id='word_1_238' title='bbox 781 3442 929 3525; x_wconf 88' lang='lat' dir='ltr'>reliquis.</span> 
     </span>
    </p>

    <p class='ocr_par' dir='ltr' id='par_1_7' title="bbox 275 3547 1394 3914">
     <span class='ocr_line' id='line_1_29' title="bbox 339 3547 1394 3630; baseline -0.002 -19"><span class='ocrx_word' id='word_1_239' title='bbox 339 3547 438 3629; x_wconf 80' lang='lat'>198·</span> <span class='ocrx_word' id='word_1_240' title='bbox 468 3547 524 3611; x_wconf 88' lang='lat' dir='ltr'>Ex</span> <span class='ocrx_word' id='word_1_241' title='bbox 544 3548 597 3612; x_wconf 91' lang='lat' dir='ltr'>his</span> <span class='ocrx_word' id='word_1_242' title='bbox 616 3549 722 3612; x_wconf 90' lang='lat' dir='ltr'>videri</span> <span class='ocrx_word' id='word_1_243' title='bbox 742 3557 869 3630; x_wconf 81' lang='lat' dir='ltr'>potest,</span> <span class='ocrx_word' id='word_1_244' title='bbox 890 3547 981 3630; x_wconf 92' lang='lat' dir='ltr'>quod</span> <span class='ocrx_word' id='word_1_245' title='bbox 1005 3549 1039 3611; x_wconf 94' lang='lat' dir='ltr'>in</span> <span class='ocrx_word' id='word_1_246' title='bbox 1059 3547 1167 3624; x_wconf 85' lang='lat' dir='ltr'>caelo,</span> <span class='ocrx_word' id='word_1_247' title='bbox 1188 3547 1329 3612; x_wconf 86' lang='lat' dir='ltr'>tametsi</span> <span class='ocrx_word' id='word_1_248' title='bbox 1348 3547 1394 3610; x_wconf 94' lang='lat' dir='ltr'>ibi</span> 
     </span>
     <span class='ocr_line' id='line_1_30' title="bbox 276 3642 1392 3726; baseline -0.003 -20"><span class='ocrx_word' id='word_1_249' title='bbox 276 3643 389 3726; x_wconf 87' lang='lat' dir='ltr'>spatia</span> <span class='ocrx_word' id='word_1_250' title='bbox 407 3653 486 3705; x_wconf 94' lang='lat' dir='ltr'>sunt</span> <span class='ocrx_word' id='word_1_251' title='bbox 505 3643 592 3706; x_wconf 89' lang='lat' dir='ltr'>sicut</span> <span class='ocrx_word' id='word_1_252' title='bbox 612 3643 645 3706; x_wconf 94' lang='lat' dir='ltr'>in</span> <span class='ocrx_word' id='word_1_253' title='bbox 665 3644 804 3718; x_wconf 88' lang='lat' dir='ltr'>mundo,</span> <span class='ocrx_word' id='word_1_254' title='bbox 826 3663 932 3725; x_wconf 91' lang='lat' dir='ltr'>usque</span> <span class='ocrx_word' id='word_1_255' title='bbox 952 3642 1035 3706; x_wconf 91' lang='lat' dir='ltr'>nihil</span> <span class='ocrx_word' id='word_1_256' title='bbox 1054 3643 1099 3706; x_wconf 92' lang='lat' dir='ltr'>ibi</span> <span class='ocrx_word' id='word_1_257' title='bbox 1118 3643 1321 3706; x_wconf 89' lang='lat' dir='ltr'>aestimetur</span> <span class='ocrx_word' id='word_1_258' title='bbox 1339 3663 1392 3704; x_wconf 91' lang='lat' dir='ltr'>se·</span> 
     </span>
     <span class='ocr_line' id='line_1_31' title="bbox 275 3737 1393 3820; baseline -0.003 -19"><span class='ocrx_word' id='word_1_259' title='bbox 275 3737 425 3801; x_wconf 91' lang='lat' dir='ltr'>cundum</span> <span class='ocrx_word' id='word_1_260' title='bbox 441 3739 564 3818; x_wconf 88' lang='lat' dir='ltr'>spatia,</span> <span class='ocrx_word' id='word_1_261' title='bbox 578 3737 639 3800; x_wconf 90' lang='lat' dir='ltr'>sed</span> <span class='ocrx_word' id='word_1_262' title='bbox 656 3739 843 3801; x_wconf 89' lang='lat' dir='ltr'>secundum</span> <span class='ocrx_word' id='word_1_263' title='bbox 859 3747 991 3816; x_wconf 89' lang='lat' dir='ltr'>status;</span> <span class='ocrx_word' id='word_1_264' title='bbox 1016 3737 1158 3819; x_wconf 91' lang='lat' dir='ltr'>proinde</span> <span class='ocrx_word' id='word_1_265' title='bbox 1174 3738 1266 3820; x_wconf 91' lang='lat' dir='ltr'>quod</span> <span class='ocrx_word' id='word_1_266' title='bbox 1283 3737 1393 3817; x_wconf 88' lang='lat' dir='ltr'>spatia</span> 
     </span>
     <span class='ocr_line' id='line_1_32' title="bbox 276 3831 1393 3914; baseline -0.002 -18"><span class='ocrx_word' id='word_1_267' title='bbox 276 3833 321 3896; x_wconf 92' lang='lat' dir='ltr'>ibi</span> <span class='ocrx_word' id='word_1_268' title='bbox 338 3852 406 3896; x_wconf 92' lang='lat' dir='ltr'>non</span> <span class='ocrx_word' id='word_1_269' title='bbox 423 3833 611 3896; x_wconf 87' lang='lat' dir='ltr'>mensurari</span> <span class='ocrx_word' id='word_1_270' title='bbox 628 3834 761 3914; x_wconf 90' lang='lat' dir='ltr'>possint</span> <span class='ocrx_word' id='word_1_271' title='bbox 774 3833 862 3896; x_wconf 87' lang='lat' dir='ltr'>sicut</span> <span class='ocrx_word' id='word_1_272' title='bbox 878 3834 912 3896; x_wconf 96' lang='lat' dir='ltr'>in</span> <span class='ocrx_word' id='word_1_273' title='bbox 929 3833 1068 3906; x_wconf 88' lang='lat' dir='ltr'>mundo,</span> <span class='ocrx_word' id='word_1_274' title='bbox 1082 3833 1142 3896; x_wconf 90' lang='lat' dir='ltr'>sed</span> <span class='ocrx_word' id='word_1_275' title='bbox 1160 3832 1270 3896; x_wconf 91' lang='lat' dir='ltr'>solum</span> <span class='ocrx_word' id='word_1_276' title='bbox 1286 3831 1393 3895; x_wconf 88' lang='lat' dir='ltr'>videri</span> 
     </span>
    </p>
   </div>
   <div class='ocr_carea' id='block_1_7' title="bbox 274 3925 1391 4096">
    <p class='ocr_par' dir='ltr' id='par_1_8' title="bbox 274 3925 1391 4096">
     <span class='ocr_line' id='line_1_33' title="bbox 274 3925 1244 3992; baseline -0.003 0"><span class='ocrx_word' id='word_1_277' title='bbox 274 3947 296 3991; x_wconf 89' lang='lat' dir='ltr'>a</span> <span class='ocrx_word' id='word_1_278' title='bbox 314 3935 409 3992; x_wconf 88' lang='lat' dir='ltr'>statu</span> <span class='ocrx_word' id='word_1_279' title='bbox 428 3937 463 3992; x_wconf 87' lang='lat' dir='ltr'>et</span> <span class='ocrx_word' id='word_1_280' title='bbox 482 3928 669 3990; x_wconf 90' lang='lat' dir='ltr'>secundum</span> <span class='ocrx_word' id='word_1_281' title='bbox 689 3937 818 3991; x_wconf 90' lang='lat' dir='ltr'>statum</span> <span class='ocrx_word' id='word_1_282' title='bbox 837 3929 1036 3991; x_wconf 89' lang='lat' dir='ltr'>interiorum</span> <span class='ocrx_word' id='word_1_283' title='bbox 1056 3925 1244 3991; x_wconf 72' lang='lat' dir='ltr'>illorumltl</span> 
     </span>
     <span class='ocr_line' id='line_1_34' title="bbox 339 4011 1391 4096; baseline -0.001 -21"><span class='ocrx_word' id='word_1_284' title='bbox 339 4025 438 4092; x_wconf 77' lang='lat'>199.</span> <span class='ocrx_word' id='word_1_285' title='bbox 469 4011 644 4094; x_wconf 90' lang='lat' dir='ltr'>Ipsissima</span> <span class='ocrx_word' id='word_1_286' title='bbox 663 4013 772 4095; x_wconf 89' lang='lat' dir='ltr'>prima</span> <span class='ocrx_word' id='word_1_287' title='bbox 790 4022 974 4089; x_wconf 84' lang='lat' dir='ltr'>causaest,</span> <span class='ocrx_word' id='word_1_288' title='bbox 994 4013 1086 4096; x_wconf 92' lang='lat' dir='ltr'>quod</span> <span class='ocrx_word' id='word_1_289' title='bbox 1107 4013 1274 4077; x_wconf 89' lang='lat' dir='ltr'>Dominus</span> <span class='ocrx_word' id='word_1_290' title='bbox 1293 4031 1391 4096; x_wconf 57' lang='lat' dir='ltr'>praef</span> 
     </span>
    </p>
   </div>
   <div class='ocr_carea' id='block_1_8' title="bbox 671 4251 997 4308">
    <p class='ocr_par' dir='ltr' id='par_1_9' title="bbox 671 4251 997 4308">
     <span class='ocr_line' id='line_1_35' title="bbox 671 4251 997 4308; baseline 0.009 -15"><span class='ocrx_word' id='word_1_291' title='bbox 671 4251 711 4304; x_wconf 76' lang='lat' dir='ltr'>(rx</span> <span class='ocrx_word' id='word_1_292' title='bbox 724 4261 821 4294; x_wconf 72' lang='grc'><strong>11111111</strong></span> <span class='ocrx_word' id='word_1_293' title='bbox 833 4253 997 4308; x_wconf 71' lang='lat' dir='ltr'>mmm)</span> 
     </span>
    </p>
   </div>
   <div class='ocr_carea' id='block_1_9' title="bbox 373 4355 1391 4438">
    <p class='ocr_par' dir='ltr' id='par_1_10' title="bbox 373 4355 1391 4438">
     <span class='ocr_line' id='line_1_36' title="bbox 373 4355 1391 4438; baseline 0.002 -20"><span class='ocrx_word' id='word_1_294' title='bbox 373 4364 385 4433; x_wconf 82' lang='lat'><em>)</em></span> <span class='ocrx_word' id='word_1_295' title='bbox 414 4361 504 4436; x_wconf 80' lang='lat' dir='ltr'>Quod</span> <span class='ocrx_word' id='word_1_296' title='bbox 515 4362 544 4418; x_wconf 92' lang='lat' dir='ltr'>in</span> <span class='ocrx_word' id='word_1_297' title='bbox 555 4361 656 4418; x_wconf 87' lang='lat' dir='ltr'>Verbo</span> <span class='ocrx_word' id='word_1_298' title='bbox 665 4364 739 4420; x_wconf 84' lang='lat' dir='ltr'>“lon</span> <span class='ocrx_word' id='word_1_299' title='bbox 762 4355 1391 4438; x_wconf 60' lang='grc' dir='ltr'><strong>·11111ο”·1ίςιιῑᾱοε11)οῃιιιιι(η.16179487).</strong></span> 
     </span>
    </p>
   </div>
   <div class='ocr_carea' id='block_1_10' title="bbox 327 4371 1389 4582">
    <p class='ocr_par' dir='ltr' id='par_1_11' title="bbox 327 4371 1389 4582">
     <span class='ocr_line' id='line_1_37' title="bbox 327 4371 1358 4578; baseline 0.002 -88"><span class='ocrx_word' id='word_1_300' title='bbox 327 4371 417 4578; x_wconf 50' lang='lat' dir='ltr'>§uod</span> <span class='ocrx_word' id='word_1_301' title='bbox 430 4443 446 4464; x_wconf 87' lang='grc'>“</span> <span class='ocrx_word' id='word_1_302' title='bbox 455 4433 586 4489; x_wconf 87' lang='lat' dir='ltr'>latitudo</span> <span class='ocrx_word' id='word_1_303' title='bbox 595 4434 610 4455; x_wconf 88' lang='lat'>&#39;&#39;</span> <span class='ocrx_word' id='word_1_304' title='bbox 622 4451 725 4490; x_wconf 86' lang='lat' dir='ltr'>verum</span> <span class='ocrx_word' id='word_1_305' title='bbox 740 4382 780 4506; x_wconf 57' lang='lat' dir='ltr'>gi.</span> <span class='ocrx_word' id='word_1_306' title='bbox 797 4437 872 4506; x_wconf 85' lang='lat'>1613.</span> <span class='ocrx_word' id='word_1_307' title='bbox 887 4451 964 4506; x_wconf 83' lang='lat'>3433,</span> <span class='ocrx_word' id='word_1_308' title='bbox 978 4451 1055 4506; x_wconf 74' lang='lat'>3434</span> <span class='ocrx_word' id='word_1_309' title='bbox 1068 4437 1147 4505; x_wconf 76' lang='lat'><strong>4482,</strong></span> <span class='ocrx_word' id='word_1_310' title='bbox 1157 4437 1235 4508; x_wconf 82' lang='lat'>9487,</span> <span class='ocrx_word' id='word_1_311' title='bbox 1252 4437 1358 4507; x_wconf 86' lang='lat'>10179).</span> 
     </span>
     <span class='ocr_line' id='line_1_38' title="bbox 357 4504 1389 4582; baseline 0.002 -23"><span class='ocrx_word' id='word_1_312' title='bbox 357 4505 418 4560; x_wconf 92' lang='lat' dir='ltr'>uod</span> <span class='ocrx_word' id='word_1_313' title='bbox 437 4504 591 4561; x_wconf 83' lang='lat' dir='ltr'>“altitudo</span> <span class='ocrx_word' id='word_1_314' title='bbox 600 4505 616 4528; x_wconf 85' lang='lat'>’¹</span> <span class='ocrx_word' id='word_1_315' title='bbox 631 4505 780 4579; x_wconf 82' lang='lat' dir='ltr'>significet</span> <span class='ocrx_word' id='word_1_316' title='bbox 798 4508 910 4563; x_wconf 89' lang='lat' dir='ltr'>bonum</span> <span class='ocrx_word' id='word_1_317' title='bbox 930 4518 961 4563; x_wconf 85' lang='lat' dir='ltr'>et</span> <span class='ocrx_word' id='word_1_318' title='bbox 979 4523 1084 4564; x_wconf 85' lang='lat' dir='ltr'>verum</span> <span class='ocrx_word' id='word_1_319' title='bbox 1104 4509 1203 4582; x_wconf 88' lang='lat' dir='ltr'>quoad</span> <span class='ocrx_word' id='word_1_320' title='bbox 1222 4509 1333 4580; x_wconf 72' lang='lat' dir='ltr'>gradun</span> <span class='ocrx_word' id='word_1_321' title='bbox 1349 4510 1389 4572; x_wconf 81' lang='lat' dir='ltr'>(n</span> 
     </span>
    </p>
   </div>
   <div class='ocr_carea' id='block_1_11' title="bbox 274 4575 567 4648">
    <p class='ocr_par' dir='ltr' id='par_1_12' title="bbox 274 4575 567 4648">
     <span class='ocr_line' id='line_1_39' title="bbox 274 4575 567 4648; baseline 0.003 -1"><span class='ocrx_word' id='word_1_322' title='bbox 274 4575 352 4647; x_wconf 76' lang='lat' dir='ltr'>9⁴8s</span> <span class='ocrx_word' id='word_1_323' title='bbox 365 4589 444 4647; x_wconf 77' lang='lat' dir='ltr'>sm</span> <span class='ocrx_word' id='word_1_324' title='bbox 460 4575 567 4648; x_wconf 78' lang='lat' dir='ltr'>¹0¹8rl·</span> 
     </span>
    </p>
   </div>
   <div class='ocr_carea' id='block_1_12' title="bbox 0 0 1696 5354">
    <p class='ocr_par' dir='ltr' id='par_1_13' title="bbox 0 0 1696 5354">
     <span class='ocr_line' id='line_1_40' title="bbox 0 0 1696 5354; baseline 0 0"><span class='ocrx_word' id='word_1_325' title='bbox 0 0 1696 5354; x_wconf 95' lang='lat' dir='ltr'> </span> 
     </span>
    </p>
   </div>
  </div>
 </body>
</html>
