3382 5358
318 656 378 720 106
634 669 685 720 na
708 668 836 720 cacco
860 669 909 720 ar
933 669 1117 722 runcano.

314 850 350 906 et
369 839 425 924 qui
445 839 508 904 visi
526 839 561 904 in
580 839 677 904 caelo
694 839 855 924 Johanni‚
875 839 997 924 quibus

411 960 584 1012 Vestimenta
594 969 672 1011 erant
683 961 797 1025 byssina
808 969 836 1011 et
847 961 910 1012 alba
921 959 1008 1026 (Apu.
1021 963 1056 1014 ir.
1070 975 1103 1023 4;
1120 976 1177 1027 cap.
1189 963 1244 1015 xix.
1257 975 1296 1028 11,
1307 967 1356 1030 ις).

314 1085 362 1152 Et
380 1087 459 1170 quia
477 1085 711 1168 intelligentia
729 1096 785 1152 est
803 1107 849 1152 ex
869 1087 996 1152 Divino
1015 1087 1121 1166 Vero,
1142 1089 1221 1154 ideo

361 1213 532 1264 Vestimenta
549 1210 669 1272 Domini,
683 1227 745 1263 cum
760 1213 978 1273 transformatus,
991 1223 1070 1264 erant
1086 1213 1264 1276 coruscantia,
1279 1224 1307 1266 et
1321 1216 1437 1268 candida

443 1289 472 1329 ut
482 1279 527 1328 lux
539 1278 651 1342 (Marri.
663 1280 727 1330 xvii.
740 1290 770 1339 a:
788 1279 872 1330 Marc.
885 1280 919 1330 ix.
932 1291 964 1341 3;
981 1280 1045 1330 Luc.
1058 1280 1092 1330 im
1106 1277 1155 1344 29).

313 1421 415 1505 Quod
435 1422 495 1486 lux
519 1423 563 1487 sit
582 1421 744 1486 Divinum
760 1421 891 1487 Verum
911 1423 1104 1505 procedens
1123 1444 1144 1488 a
1162 1424 1323 1501 Domino,
1340 1424 1436 1490 vide-

311 1529 386 1583 atur
416 1540 518 1602 supra
549 1517 596 1602 (n.
625 1518 719 1600 129):
756 1519 836 1583 inde
858 1529 924 1595 est,
950 1520 1042 1602 quod
1064 1519 1236 1585 “vestes''
1259 1521 1294 1584 in
1317 1520 1436 1586 Verbo

311 1613 506 1697 significent
529 1635 621 1691 vera,
642 1624 678 1679 et
702 1636 748 1678 ex
771 1615 825 1678 his
848 1615 1119 1698 intelligentiam
1133 1616 1239 1680 :-Ut
1262 1617 1354 1700 apud
1375 1616 1436 1700 Jo-

313 1711 475 1785 hannem,

362 1846 377 1869 “
386 1843 438 1909 Qui
453 1859 508 1893 non
524 1843 677 1907 polluerunt
688 1845 852 1894 vestimenta
864 1859 922 1904 sua,
933 1845 1111 1895 ambulabunt
1124 1843 1231 1895 Mecum
1250 1845 1277 1894 in
1292 1845 1361 1894 albis
1373 1847 1436 1910 quia

443 1910 518 1972 digni
536 1919 616 1960 sunt:
642 1911 686 1974 qui
704 1910 806 1970 vicerit,
823 1911 847 1960 is
865 1910 993 1960 induetur
1006 1911 1178 1961 vestimentis
1192 1909 1283 1962 albis”
1298 1909 1385 1976 (Aper.
1398 1912 1434 1961 ili.

362 2045 376 2065 “
385 1977 544 2105 &alisqui
556 2041 659 2104 vigilat,
671 2049 699 2090 et
711 2050 801 2091 servat
814 2041 978 2091 vestimenta
991 2039 1065 2092 sua”
1077 2041 1163 2106 (Aper.
1177 2042 1231 2094 xvi.
1247 2039 1298 2105 15).

309 2174 357 2238 Et
388 2175 432 2238 de
460 2173 714 2256 Hierosolyma,
739 2193 926 2258 perquam
949 2173 1155 2258 intelligitur
1178 2173 1325 2240 ecclesia
1347 2197 1435 2260 quae

309 2271 342 2333 in
362 2266 526 2347 ver0,(“““l
545 2269 635 2352 apud
654 2269 809 2346 Esaiam,

358 2396 372 2418 ¹⁴
382 2393 514 2524 Excit31re,
524 2395 605 2445 indue
613 2395 696 2444 robur
707 2393 784 2454 Zion,
794 2393 876 2445 indue
886 2403 977 2444 vestes
986 2393 1092 2445 decoris
1104 2394 1144 2445 tui
1157 2392 1354 2460 Hierosolyma
1362 2393 1378 2415 ''
1386 2394 1434 2457 (lii.

443 2473 455 2509 1
476 2477 482 2511 ι

308 2593 345 2649 et
364 2585 455 2666 apud
474 2583 691 2663 Ezechielem,

359 2694 560 2758 Hierosolyma,
571 2699 586 2720 '⁸
593 2695 698 2746 accinxi
710 2705 738 2746 te
749 2697 841 2761 bysso,
851 2706 879 2748 et
890 2696 980 2748 velavi
994 2705 1021 2749 te
1032 2698 1140 2758 serico..
1150 2733 1157 2749 .
1166 2733 1174 2750 .
1182 2707 1286 2749 sentes
1295 2707 1358 2748 tuse
1370 2697 1434 2761 bys-

440 2775 487 2812 sus
500 2771 527 2812 et
538 2761 677 2812 sericum”
689 2761 753 2825 (xvi.
767 2775 806 2824 ro,
820 2764 877 2825 tsi:

307 2896 445 2968 praeter
462 2886 543 2951 alibi
562 2887 698 2970 pluries.
747 2885 814 2970 Qui
833 2899 951 2952 autem
970 2909 1040 2952 non
1063 2889 1097 2952 in
1116 2889 1207 2952 veris
1226 2897 1291 2964 est,
1308 2887 1434 2954 dicitur

309 2986 330 3014 ‘⁴
342 3001 410 3045 non
430 2982 569 3046 indutus
587 2993 686 3046 veste
706 2985 901 3067 nuptiarum
911 2983 926 3010 '’
945 2993 983 3047 ut
1003 2984 1093 3066 apud
1111 2983 1335 3058 Matthaeum,

381 3105 1432 3238 ¹”nllnrnstflilltll'tt,titillarettitillat}

438 3253 498 3288 rum
506 3238 533 3290 ?''
564 3239 653 3304 Quare
663 3238 766 3303 ejectus
776 3250 817 3291 est
829 3241 857 3290 in
870 3242 995 3290 tenebras
1004 3241 1153 3292 exteriores
1161 3241 1235 3303 (xxii.
1247 3237 1312 3307 [11,]
1327 3252 1365 3300 12,
1375 3239 1430 3302 13):

307 3403 367 3464 per
391 3383 561 3446 “domurn
584 3385 779 3466 nuptiarum
791 3382 806 3410 ”
828 3382 1034 3465 intelligitur
1057 3382 1191 3447 caelum
1216 3391 1252 3448 et
1283 3381 1430 3446 ecclesia

306 3497 352 3540 ex
382 3474 623 3557 conjunftione
647 3478 787 3542 Domini
818 3499 878 3560 per
908 3477 1070 3542 Divinum
1090 3497 1188 3541 suum
1211 3497 1327 3542 verum
1352 3497 1429 3540 cum

306 3571 395 3636 illis:
423 3593 527 3656 quare
547 3571 716 3636 Dominus
736 3573 769 3636 in
789 3571 907 3636 Verbo
926 3584 1070 3637 vocatur
1089 3571 1242 3654 Sponsus
1265 3581 1302 3637 et
1325 3571 1429 3636 Mari·

305 3678 383 3746 tus;
407 3687 447 3730 ac
467 3665 610 3730 Caelum
629 3688 707 3731 curn
727 3667 886 3732 Ecclesia
903 3665 1039 3750 Sponsa
1058 3676 1094 3730 et
1114 3666 1226 3732 Uxor.

368 3761 461 3828 181.
492 3760 594 3844 Quod
606 3773 724 3827 vestes
737 3762 940 3844 angelorum
957 3783 1026 3826 non
1043 3771 1233 3844 appareant
1246 3763 1334 3826 sicut
1350 3781 1429 3826 ves·

305 3867 371 3930 tes,
391 3856 453 3919 sed
473 3858 565 3940 quod
581 3857 721 3921 realiter
737 3859 805 3921 sint
822 3867 950 3934 vestes,
965 3869 1106 3922 constat
1123 3879 1168 3922 ex
1185 3877 1227 3920 eo
1243 3857 1334 3941 quod
1350 3857 1429 3922 illas

306 3971 375 4014 non
400 3951 505 4014 modo
527 3953 681 4027 videant,
702 3953 763 4016 sed
786 3953 891 4016 etiam
915 3951 1012 4018 tastu
1034 3953 1207 4031 sentiant;
1239 3963 1313 4016 tum
1337 3953 1429 4036 quod

304 4055 421 4111 vestes
440 4048 489 4110 eis
509 4046 622 4129 plures
641 4047 721 4122 sint,
741 4058 777 4110 et
796 4047 889 4130 quod
908 4058 1040 4112 exuant
1060 4057 1096 4112 et
1119 4049 1264 4111 induant
1282 4047 1371 4124 illas,
1391 4057 1429 4112 et

304 4161 392 4224 quae
415 4161 484 4204 non
508 4141 542 4205 in
565 4163 626 4205 usu
649 4152 867 4216 conservent,
888 4152 924 4207 et
948 4142 1028 4208 dum
1051 4145 1085 4207 in
1109 4163 1171 4206 usu
1190 4152 1426 4207 reassumant:

304 4236 396 4319 quod
425 4237 528 4300 variis
549 4237 661 4301 induti
691 4239 761 4302 sint
785 4238 950 4314 vestibus,
975 4237 1099 4302 millies
1123 4237 1205 4302 mihi
1227 4239 1338 4303 visum
1361 4248 1426 4302 est.

707 4469 851 4522 (mucuns
863 4471 1026 4526 mmm)

360 4569 445 4639 (uua)
471 4567 562 4642 Quod
580 4569 746 4626 “Hierosol
768 4571 840 4628 ma”
858 4571 1008 4644 significet
1032 4573 1199 4636 sedeciam,
1221 4572 1272 4628 ubi
1296 4575 1427 4646 genuina

305 4639 444 4696 doctrina
457 4643 497 4712 (n.
510 4655 572 4710 402,
587 4641 665 4712 3654,
678 4587 771 4712 procl.
