3350 5366
407 665 458 716 DE
480 663 623 718 TERTIO
645 663 767 718 STATU
790 665 954 718 HOMINIS
977 663 1068 718 POST
1092 665 1265 717 MORTEM.
1337 667 1397 736 327

278 835 331 901 dit
360 835 577 902 voluntatem
606 855 722 902 amore
752 835 882 902 sciendi
896 857 996 914 vera,
1020 845 1056 902 et
1082 846 1219 902 tantum
1245 835 1397 904 illustrat

278 931 530 1013 cogitationem
546 941 583 996 ut
600 933 687 996 sciat
703 930 762 996 illa
778 953 786 1010 ;
809 941 845 998 et
864 941 1029 1014 quantum
1045 931 1130 996 haec
1146 930 1243 1008 fiunt,
1261 941 1399 998 tantum·

277 1025 473 1108 aperiuntur
495 1027 657 1090 interiora
679 1027 836 1104 hominis,
856 1045 896 1090 ac
915 1026 982 1090 illis
1001 1026 1226 1110 implantatur
1243 1027 1396 1108 caelum;

276 1130 313 1184 et
335 1120 458 1196 adhuc,
483 1129 620 1184 tantum
643 1120 751 1186 influit
774 1120 936 1186 Divinum
959 1130 997 1185 et
1024 1120 1178 1186 caeleste
1203 1122 1238 1184 in
1263 1123 1396 1186 sincera

276 1231 363 1296 quae
381 1223 461 1278 sunt
477 1217 571 1280 vitae
590 1215 740 1292 moralis,
757 1224 794 1280 et
812 1217 846 1280 in
861 1215 956 1298 justa
973 1235 1060 1300 quae
1079 1225 1160 1280 sunt
1178 1217 1272 1280 vitae
1287 1216 1396 1280 civilis

275 1310 367 1392 apud
379 1309 562 1386 hominem,
576 1329 615 1373 ac
628 1311 709 1374 iacit
721 1310 781 1374 illa
792 1309 1002 1393 spiritualia3
1024 1312 1185 1393 quoniam
1195 1311 1300 1374 homo
1312 1321 1393 1374 tunc

275 1402 358 1468 iacit
384 1405 444 1468 illa
476 1425 523 1468 ex
553 1403 689 1480 Divino,
709 1407 788 1488 quia
816 1414 958 1488 propter
977 1405 1158 1470 Divinum:
1192 1415 1273 1468 sunt
1302 1407 1394 1470 enim

277 1498 410 1563 sincera
432 1508 469 1564 et
488 1498 592 1582 justa,
612 1519 700 1582 quae
721 1509 803 1564 sunt
826 1500 921 1564 vitae
944 1499 1084 1562 moralis
1106 1509 1142 1564 et
1164 1499 1284 1576 civilis,
1307 1519 1394 1583 quae

271 1593 378 1658 homo
399 1613 446 1658 ex
469 1593 529 1658 illa
551 1595 683 1676 origine
705 1593 799 1670 iacit,
820 1594 885 1678 ipsi
908 1592 1049 1660 effectus
1067 1595 1163 1659 vitae
1183 1595 1392 1678 spiritualis;

276 1697 312 1753 et
323 1687 467 1754 effectus
485 1709 588 1755 omne
607 1708 705 1753 suum
725 1689 832 1755 trahit
851 1709 897 1754 ex
915 1709 979 1754 sua
996 1707 1101 1754 causa
1110 1688 1293 1766 efficiente,
1314 1708 1393 1754 nam

275 1783 385 1866 qualis
402 1783 487 1848 haec
507 1785 585 1848 talis
605 1783 673 1847 ille.

337 1891 433 1960 513·
456 1875 706 1942 Instructiones
718 1875 802 1941 fiunt
815 1878 859 1941 ab
869 1876 1001 1959 angelis
1013 1875 1158 1960 plurium
1172 1878 1391 1954 societatum,

274 1973 438 2054 imprimis
456 1973 501 2036 ab
519 1972 586 2036 illis
605 1991 693 2056 quae
715 1971 750 2035 in
769 1971 874 2054 plaga
891 1971 1155 2054 septentrionali
1173 1981 1209 2036 et
1232 1973 1392 2036 meridio-

273 2067 342 2131 nali
365 2077 456 2142 sunt,
478 2087 556 2130 nam
576 2063 657 2131 illae
681 2067 869 2131 societates
888 2066 1067 2149 angelicae
1095 2065 1129 2130 in
1160 2065 1392 2149 intelligentia

270 2171 308 2226 et
327 2163 497 2244 sapientia
514 2179 560 2226 ex
579 2163 836 2244 cognitionibus
854 2162 936 2225 boni
954 2171 990 2226 et
1011 2161 1084 2224 veri
1099 2171 1192 2224 sunt.
1237 2161 1390 2225 Instruc-

271 2257 375 2320 tionis
394 2253 472 2319 loca
490 2266 570 2320 sunt
588 2257 632 2320 ad
652 2257 935 2340 septentrionem,
956 2265 992 2319 et
1010 2265 1091 2319 sunt
1110 2257 1213 2330 varia,
1233 2256 1392 2320 ordinata

270 2361 307 2414 et
323 2349 487 2416 distincta
505 2351 692 2415 secundum
711 2353 877 2414 bonorum
893 2350 1095 2414 caelestium
1111 2369 1240 2432 genera
1257 2359 1293 2416 et
1312 2369 1389 2434 spe·

271 2445 352 2518 cies,
372 2453 410 2510 ut
433 2443 479 2508 ibi
501 2445 714 2508 instruantur
729 2463 850 2508 omnes
873 2453 910 2508 et
939 2443 1064 2526 singuli
1083 2443 1270 2508 secundum
1293 2463 1389 2508 suam

271 2539 433 2614 indolem,
454 2547 490 2602 et
513 2540 719 2621 receptionis
739 2537 963 2602 facultatemt
995 2539 1072 2602 loca
1095 2538 1155 2602 illa
1177 2538 1221 2601 ibi
1243 2539 1388 2603 circum-

270 2633 361 2696 circa
379 2634 423 2696 ad
443 2631 586 2696 multam
603 2633 805 2696 distantiam
821 2653 858 2695 se
874 2633 1080 2696 extendunt.
1126 2631 1183 2696 Ad
1203 2632 1261 2697 illa
1276 2633 1388 2698 ierun-

271 2737 326 2792 tur
341 2747 362 2792 a
378 2727 529 2792 Domino
540 2729 621 2792 boni
634 2728 773 2810 spiritus
786 2736 866 2810 post
879 2725 1040 2792 exactum
1054 2728 1243 2792 secundum
1257 2738 1387 2794 statum

269 2841 386 2886 eorum
402 2824 436 2885 in
452 2823 580 2886 mundo
595 2822 785 2906 spirituum,
802 2823 858 2905 qui
875 2823 1065 2886 instruendi
1078 2832 1180 2886 sunt:
1205 2823 1266 2886 sed
1282 2842 1387 2907 usque

269 2937 338 2982 non
357 2937 497 2997 omnes;
521 2917 673 3000 namqui
691 2917 725 2980 in
745 2917 874 2982 mundo
892 2913 1049 2982 instrudii
1067 2928 1159 2993 sunt,
1179 2917 1224 2982 ibi
1242 2919 1348 2983 etiam
1366 2939 1388 2982 a

271 3011 420 3076 Domino
439 3014 632 3095 praeparati
652 3013 794 3076 suntad
814 3011 958 3088 caelum,
978 3033 1018 3076 ac
1038 3033 1099 3096 per
1117 3012 1219 3076 aliam
1238 3013 1328 3078 viam
1351 3015 1386 3078 in

266 3105 401 3170 caelum
420 3107 637 3186 auferuntur3
660 3108 798 3189 quidam
818 3107 938 3171 statim
955 3117 1035 3189 post
1054 3119 1224 3185 mortem;
1248 3108 1386 3191 quidam

267 3211 349 3284 post
379 3202 517 3266 brevem
547 3221 624 3266 cum
654 3202 829 3286 spiritibus
858 3203 957 3266 bonis
985 3204 1305 3278 commorationem,
1329 3203 1386 3267 ubi

268 3297 437 3360 crassiora
452 3298 704 3378 cogitationum
723 3307 759 3360 et
777 3295 995 3361 affectionum
1013 3315 1143 3372 eorum,
1160 3317 1247 3380 quae
1265 3307 1385 3362 traxe·

268 3399 347 3456 runt
364 3412 408 3456 ex
425 3391 611 3455 honoribus
627 3402 663 3454 et
680 3391 807 3454 divitiis
823 3393 857 3454 in
876 3391 1015 3467 mundo,
1032 3402 1263 3466 removentur,
1281 3401 1316 3456 et
1336 3393 1384 3456 sic

267 3485 509 3570 purificantur:
532 3487 671 3568 quidam
687 3487 777 3568 prius
792 3495 984 3561 vastantur,
998 3487 1089 3569 quod
1109 3485 1146 3550 tit
1166 3485 1199 3548 in
1219 3485 1303 3549 locis
1321 3487 1385 3550 sub

264 3581 393 3666 plantis
423 3581 560 3664 pedum,
585 3600 672 3662 quae
704 3589 795 3644 terra
822 3579 958 3644 inferior
980 3589 1168 3656 vocantur3
1198 3580 1255 3644 ubi
1280 3581 1384 3664 aliqui

264 3675 349 3739 dura
364 3676 564 3756 patiuntur:
587 3673 621 3736 hi
641 3682 721 3737 sunt
737 3675 794 3757 qui
813 3695 850 3737 se
865 3671 1152 3738 confirmaverunt
1172 3675 1206 3737 in
1225 3673 1330 3750 salsis,
1347 3684 1384 3738 et

264 3790 370 3853 usque
389 3770 515 3833 bonam
535 3769 643 3831 vitam
665 3777 812 3850 egerunt
829 3789 837 3846 ;
868 3784 947 3832 nam
971 3767 1056 3832 salsa
1075 3767 1278 3833 confirmata
1301 3769 1384 3835 dure

266 3865 459 3939 inhaerent,
475 3873 511 3926 et
530 3871 716 3946 antequam
736 3862 796 3926 illa
813 3863 968 3926 discussa
983 3873 1073 3938 sunt,
1091 3883 1160 3928 non
1179 3864 1286 3928 videri
1302 3885 1383 3947 pos-

265 3969 345 4021 sunt
369 3979 460 4032 vera,
480 3953 531 4021 ita'
557 3976 625 4020 non
655 3957 769 4038 recipi.
814 3953 883 4021 Sed
913 3958 957 4022 de
985 3959 1248 4035 vastationibus,
1272 3969 1309 4023 et
1339 3959 1383 4022 de

265 4053 377 4116 modis
400 4051 573 4135 quomodo
596 4049 693 4126 fiunt,
717 4051 751 4114 in
774 4051 923 4116 Arcam&
948 4049 1154 4117 caelesn'bus
1176 4049 1289 4116 actum
1316 4063 1382 4128 est,

265 4167 311 4211 ex
329 4147 449 4230 quibus
469 4143 625 4211 Collecta
643 4145 824 4210 videantur
843 4146 896 4210 hic
916 4147 950 4210 in
970 4147 1061 4210 notis
1080 4148 1143 4211 sub
1161 4145 1291 4212 lineali

662 4353 713 4405 [lea
725 4363 823 4396 nenne
835 4353 1007 4406 camuel}

316 4453 356 4524 (ι)
382 4451 471 4576 quod
485 4455 669 4510 vastationes
682 4453 756 4508 fiant
772 4455 801 4508 in
817 4454 912 4509 altera
923 4453 994 4516 vica,
1008 4453 1066 4508 hoc
1080 4463 1135 4516 est.
1149 4453 1230 4524 quod
1244 4454 1286 4510 illi
1299 4455 1380 4526 quie

263 4525 376 4578 mundo
389 4541 397 4577 ι
410 4525 459 4579 luc
471 4525 597 4586 alluunt,
609 4534 767 4580 vastentur
783 4527 823 4592 (n.
836 4525 897 4594 698,
911 4535 989 4590 7122,
1003 4535 1081 4590 7474,
1095 4525 1185 4594 9763).

315 4593 405 4666 Quod
425 4597 509 4664 probi
522 4605 677 4652 vastentur
695 4597 795 4668 quoad
814 4595 896 4659 ialsa,
910 4609 945 4650 ac
965 4595 1035 4650 mali
1050 4596 1151 4666 quoad
1163 4611 1234 4652 vera
1248 4598 1288 4666 (n.
1301 4609 1379 4665 7474,

261 4676 339 4734 7541.
353 4667 444 4736 754²l·
