3382 5358
304 637 366 696 182
623 630 674 695 bu
697 641 823 694 cneco
847 641 894 692 aa
918 640 1125 710 mursano

430 813 493 864 tatis
507 825 602 862 aurum
642 825 719 861 urum
741 821 870 874 tanquam
891 810 991 858 vitrum
1012 806 1176 871 pellucidum
1184 804 1200 825 ’⁹
1213 803 1348 869 (capnxi.
1362 817 1384 864 1,
1397 815 1420 862 2,

433 873 533 943 16-18[,
548 887 586 940 19,
600 827 662 942 215).

302 1021 418 1084 Homo
437 1021 492 1104 qui
522 1019 609 1082 haec
633 1019 730 1101 legit,
751 1039 820 1082 non
850 1017 951 1082 aliter
974 1016 1035 1080 illa
1052 1014 1217 1097 intelligit
1236 1033 1338 1098 quam
1364 1035 1420 1078 se·

300 1116 448 1182 cundum
464 1133 601 1177 sensum
618 1112 766 1187 litterae,
781 1131 904 1194 nempe
916 1111 1008 1194 quod
1024 1112 1210 1192 periturum
1227 1110 1272 1171 sit
1287 1107 1420 1172 caelum

300 1208 508 1293 aspectabile
538 1227 614 1271 cum
637 1219 739 1283 terra,
764 1216 800 1271 et
830 1225 957 1270 novum
986 1204 1119 1270 caelum
1142 1205 1361 1278 exstiturum,
1384 1213 1421 1267 et

301 1305 392 1390 quod
424 1324 524 1385 super
553 1322 678 1366 novam
701 1313 827 1366 terram
851 1302 1057 1364 descensura
1085 1299 1131 1362 sit
1161 1295 1282 1362 sandia
1300 1299 1421 1362 civitas

302 1398 557 1479 Hierosolyma,
581 1407 618 1462 et
647 1397 738 1478 quod
766 1396 826 1460 illa
851 1395 963 1459 sutura
990 1395 1036 1458 sit
1064 1394 1177 1477 quoad
1200 1413 1321 1456 omnes
1343 1413 1422 1456 suas

302 1514 477 1560 mensuras
497 1493 683 1558 secundum
704 1491 982 1572 descriptionem.
1027 1487 1097 1552 Sed
1119 1488 1234 1570 angeli
1253 1489 1309 1570 qui
1330 1487 1422 1570 apud
1488 1477 1497 1495 ’

301 1589 474 1654 hominem
493 1597 585 1662 sunt,
605 1607 741 1668 prorsus
760 1586 860 1649 aliter
878 1584 937 1649 illa
965 1583 1176 1664 intelligunt,
1197 1601 1331 1664 nempe,
1351 1581 1421 1643 sin·

301 1684 384 1767 gula
395 1683 616 1766 spiritualiter
628 1702 713 1764 quae
727 1681 832 1744 homo
845 1681 1058 1744 naturaliter.
1099 1679 1162 1742 Per
1173 1669 1196 1712 ²‘
1205 1697 1330 1741 novum
1343 1695 1420 1740 cae·

302 1779 372 1844 lum
395 1789 431 1843 et
454 1798 580 1842 novam
599 1787 727 1840 terram
738 1774 753 1801 ”
771 1775 972 1856 intelligunt
991 1793 1116 1838 novam
1135 1771 1338 1849 ecclesiam;
1361 1789 1422 1852 per

304 1875 511 1938 “civitatem
528 1869 806 1950 Hierosolymam
824 1870 1095 1934 descendentem
1113 1889 1134 1932 a
1157 1868 1233 1932 Deo
1252 1888 1271 1930 e
1293 1863 1421 1940 caelo,”

301 1968 501 2050 intelligunt
513 1966 700 2031 caelestem
717 1964 789 2046 ejus
802 1961 993 2028 doctrinam
1005 1961 1195 2026 revelatam
1212 1982 1232 2024 a
1248 1959 1420 2036 Domin03

302 2083 362 2146 per
375 2059 684 2144 “longitudinem''
702 2057 979 2134 “latitudinem''
994 2066 1030 2122 et
1049 2057 1296 2120 “altitudinem
1306 2053 1321 2080 ’¹
1338 2053 1419 2136 ejus,

302 2177 388 2242 quae
411 2154 582 2238 aequales,
603 2165 640 2219 et
663 2154 845 2218 duodecim
868 2153 977 2216 millia
998 2153 1198 2226 stadiorum,
1223 2149 1421 2230 intelligunt

302 2253 417 2316 omnia
446 2251 537 2313 bona
566 2259 602 2314 et
628 2271 709 2312 vera
735 2249 824 2314 illius
850 2244 1027 2312 doctrinae
1057 2249 1091 2310 in
1122 2245 1328 2327 complexu3
1362 2261 1422 2326 per

304 2344 488 2410 “murum''
504 2343 575 2425 ejus
594 2344 794 2425 intelligunt
813 2363 894 2406 vera
912 2341 1065 2407 tutantia
1079 2341 1194 2419 illam;
1218 2361 1278 2422 per
1295 2345 1315 2373 “
1326 2357 1421 2402 men·

198 2471 201 2479 =
302 2458 415 2504 suram
434 2439 518 2502 muri
537 2449 676 2502 centum
692 2439 923 2521 quadraginta
937 2445 1084 2520 quatuor
1098 2433 1320 2511 cubitorum,”
1335 2453 1422 2518 quae

305 2537 494 2598 “mensura
509 2532 667 2608 hominis,
683 2535 749 2596 hoc
771 2543 836 2606 est,
854 2530 1000 2613 angeli,'’
1016 2531 1216 2612 intelligunt
1232 2531 1347 2594 omnia
1364 2528 1423 2592 illa

302 2648 384 2692 vera
402 2628 554 2690 tutantia
572 2627 606 2688 in
625 2625 822 2706 complexu,
841 2635 878 2689 et
897 2623 998 2708 quale
1017 2644 1158 2703 eorum;
1181 2629 1243 2708 pe'r
1260 2624 1421 2688 “duode-

303 2721 370 2784 cim
399 2719 540 2803 portas”
569 2719 640 2802 ejus
672 2741 760 2803 quae
794 2741 840 2784 ex
873 2721 1078 2800 margaritis,
1109 2719 1309 2800 intelligunt
1342 2739 1423 2784 vera

303 2813 570 2898 introducentia,
591 2815 830 2898 “margaritae
839 2813 855 2839 '⁹
873 2817 980 2878 etiam
999 2811 1195 2895 significant
1213 2814 1297 2876 talia
1318 2834 1422 2892 vera;

303 2927 365 2990 per
381 2907 635 2982 “fundamenta
653 2909 739 2973 muri
749 2907 764 2934 ”
779 2929 865 2990 quae
884 2930 930 2972 ex
949 2907 1118 2989 lapidibus
1134 2908 1303 2988 pretiosis,
1320 2907 1423 2972 intel·

304 3001 416 3084 ligunt
446 3003 665 3083 cognitiones
693 3022 795 3083 super
823 3003 945 3085 quibus
967 2998 1123 3065 doctrina
1154 3001 1213 3064 illa
1241 3001 1423 3080 fundatum

305 3115 365 3178 per
384 3101 530 3158 “aurum
553 3096 662 3158 simile
681 3097 770 3158 vitro
793 3095 907 3178 puro‚”
925 3117 972 3160 ex
994 3117 1062 3178 quo
1080 3095 1202 3159 civitas
1224 3105 1260 3158 et
1289 3115 1334 3157 ex
1357 3115 1424 3177 quo

304 3189 420 3273 platea
449 3189 530 3271 ejus,
556 3189 755 3270 intelligunt
786 3191 915 3254 bonum
944 3191 1081 3266 amoris,
1101 3211 1147 3253 ex
1177 3211 1244 3272 quo
1274 3189 1424 3274 pellucet

304 3281 459 3348 dodtrina
477 3302 554 3346 cum
573 3285 642 3346 suis
660 3284 758 3347 veris.
803 3283 859 3347 Ita
877 3285 1069 3366 percipiunt
1087 3283 1202 3366 angeli
1220 3285 1336 3348 omnia
1353 3283 1423 3358 illa,

304 3379 447 3461 proinde
478 3397 547 3440 non
580 3379 668 3441 sicut
697 3376 825 3456 homo;
859 3377 956 3442 ideae
988 3377 1135 3441 hominis
1168 3375 1343 3440 naturales
1375 3378 1427 3442 ita

305 3481 485 3535 transeunt
508 3473 542 3535 in
564 3471 660 3534 ideas
678 3471 871 3552 spirituales
889 3471 979 3552 apud
1001 3470 1158 3552 angelos,
1179 3481 1316 3552 praeter
1333 3471 1424 3552 quod

305 3566 415 3630 sciant
438 3565 565 3650 aliquid
589 3565 632 3630 de
654 3585 757 3628 sensu
781 3565 919 3628 litterae
942 3565 1061 3640 Verbi,
1086 3575 1123 3629 ut
1147 3566 1190 3628 de
1213 3583 1305 3628 novo
1327 3565 1424 3628 caelo

304 3670 341 3725 et
363 3659 406 3723 de
429 3681 518 3723 nova
537 3669 638 3735 terra,
658 3660 703 3724 de
721 3679 811 3723 nova
829 3660 971 3723 civitate
991 3658 1245 3740 Hierosolyma,
1265 3659 1308 3722 de
1329 3679 1425 3723 muro

305 3753 388 3836 ejus,
405 3755 447 3818 de
466 3753 699 3818 fundamentis
715 3754 812 3830 muri,
829 3773 869 3817 ac
888 3753 931 3816 de
951 3755 1127 3818 mensuris.
1172 3751 1291 3836 Usque
1306 3763 1424 3817 tamen

305 3849 505 3932 angelorum
525 3849 769 3932 cogitationes,
789 3867 892 3912 unum
911 3847 1040 3912 faciunt
1059 3868 1136 3912 cum
1155 3849 1424 3929 cogitationibus

305 3944 464 4020 hominis,
488 3945 566 4026 quia
588 3943 881 4024 correspondent;
916 3963 1019 4006 unum
1041 3942 1170 4006 iaciunt
1197 3963 1307 4024 paene
1336 3943 1425 4006 sicut

305 4059 408 4103 voces
431 4039 603 4121 loquentis
626 4049 662 4103 et
685 4034 883 4102 intellectus
901 4057 1018 4101 earum
1036 4037 1127 4119 apud
1149 4039 1346 4100 audientem
1369 4037 1426 4119 qui

306 4154 375 4197 non
394 4135 545 4198 attendit
570 4134 613 4197 ad
642 4155 746 4196 voces
769 4133 830 4196 sed
857 4131 968 4195 solum
998 4132 1041 4195 ad
1071 4127 1294 4196 intellectum.
1339 4130 1424 4194 Inde

306 4239 413 4310 patet,
431 4229 605 4311 quomodo
621 4227 754 4292 caelum
771 4226 989 4308 conjungitur
1007 4245 1084 4289 cum
1100 4224 1239 4288 homine
1257 4245 1318 4308 per
1335 4224 1424 4289 Ver·

305 4323 395 4388 bum.
439 4322 491 4388 Sit
510 4324 621 4389 adhuc
640 4322 840 4406 exemplum
857 4342 904 4385 ex
922 4319 1052 4399 Verbo,

354 4477 410 4529 “ln
424 4479 467 4528 die
481 4479 529 4529 illo
540 4481 592 4530 erlt
602 4461 701 4530 semita
714 4480 749 4529 ab
761 4479 889 4542 Aegypto
906 4477 940 4528 ad
955 4477 1115 4536 Aschurem,
1129 4485 1156 4527 et
1169 4477 1263 4526 veniet
1277 4475 1382 4525 Asebm
1396 4476 1423 4524 ln

436 4545 599 4610 Aegyptum,
616 4557 644 4597 et
662 4547 804 4609 Aegyptus
821 4547 848 4594 ln
867 4544 1026 4601 Asehurem,
1043 4552 1071 4591 et
1088 4543 1209 4592 servient
1226 4541 1354 4604 Aegyptii
1373 4539 1425 4590 As·

436 4611 510 4662 chun
523 4629 528 4662 :
548 4613 574 4661 in
587 4611 630 4661 die
640 4611 686 4661 illo
696 4613 746 4661 erit
761 4610 845 4660 lsrael
857 4611 952 4660 tertius
962 4609 1090 4672 Aegypto
1099 4617 1127 4657 et
1139 4606 1263 4666 Aschuri,
1271 4603 1425 4658 benedictio
