3368 5356
292 635 334 698 26
615 646 666 696 ou
689 644 817 696 casto
839 643 888 696 ev
912 640 1095 707 ruranuo.

290 819 401 897 caelo,
421 826 566 884 vocatur
584 815 760 896 naturale;
784 826 839 881 ast
859 815 937 900 quia
955 811 1112 880 naturale
1130 811 1221 876 illius
1237 811 1324 877 caeli
1343 831 1411 878 non

290 925 346 981 est
368 915 457 980 sicut
481 913 639 979 naturale
662 911 791 988 mundi,
811 911 872 976 sed
902 911 936 974 in
965 931 1003 974 se
1029 909 1137 973 habet
1168 907 1347 992 spirituale
1375 917 1412 972 et

290 1010 454 1087 caeleste,
474 1010 553 1074 ideo
573 1008 658 1072 illud
677 1007 812 1072 caelum
835 1015 980 1070 vocatur
998 1000 1176 1088 spirituale
1198 1013 1235 1068 et
1258 1004 1412 1068 caeleste

289 1105 456 1182 naturale,
480 1114 518 1170 et
546 1104 626 1168 inde
655 1101 772 1185 angeli
798 1102 855 1186 qui
884 1101 930 1166 ibi
958 1099 1155 1182 spirituales
1181 1109 1218 1164 et
1243 1097 1412 1168 caelestes

290 1200 464 1266 naturales
479 1199 537 1280 3⁰7)
560 1199 758 1283 spirituales
777 1195 952 1261 naturales
971 1205 1150 1272 vocantur,
1170 1196 1227 1280 qui
1245 1195 1411 1259 influxum

288 1297 459 1378 recipiunt
486 1315 532 1359 ex
556 1294 655 1359 caelo
679 1293 794 1358 medio
816 1313 877 1357 seu
899 1291 1062 1368 secundo,
1087 1291 1178 1375 quod
1201 1299 1255 1356 est
1278 1290 1411 1354 caelum

288 1389 489 1474 spirituale;
519 1408 559 1453 ac
583 1387 754 1453 caelestes
773 1385 949 1452 naturales
967 1395 1146 1462 vocantur,
1166 1385 1223 1469 qui
1244 1383 1411 1450 influxum

288 1486 457 1567 recipiunt
477 1505 522 1549 ex
539 1483 637 1548 caelo
653 1483 759 1548 tertio
775 1503 835 1546 seu
850 1481 984 1558 intimo,
1001 1481 1092 1564 quod
1112 1489 1166 1544 est
1183 1479 1317 1544 caelum
1332 1499 1410 1544 cae·

288 1579 397 1645 leste:
430 1578 546 1662 angeli
569 1577 764 1660 spirituales
787 1576 963 1641 naturales
986 1587 1022 1642 et
1046 1575 1216 1640 caelestes
1235 1573 1411 1638 naturales

287 1673 440 1740 distincti
456 1683 535 1738 sunt
551 1673 641 1737 inter
657 1693 705 1748 se,
719 1671 781 1737 sed
797 1693 904 1755 usque
917 1689 1021 1736 unum
1037 1669 1170 1734 eaelum
1180 1671 1409 1745 constituunt,

287 1771 368 1854 quia
385 1770 420 1834 in
438 1789 506 1833 uno
525 1769 635 1852 gradu
653 1777 743 1832 sunt.

349 1879 418 1948 32·
448 1863 514 1930 Est
530 1865 564 1928 in
578 1863 769 1946 unoquovis
782 1861 880 1928 caelo
892 1862 1063 1926 internum
1076 1870 1112 1926 et
1125 1871 1329 1926 externum:
1354 1862 1410 1946 qui

288 1961 323 2024 in
346 1961 481 2024 interno
504 1967 594 2034 sunt,
618 1969 789 2022 vocantur
816 1957 863 2022 ibi
886 1957 1002 2040 angeli
1031 1957 1176 2037 interni;
1210 1959 1267 2040 qui
1293 1966 1410 2022 autem

287 2055 322 2118 in
346 2061 492 2118 externo
511 2063 603 2128 sunt,
623 2063 793 2118 vocantur
816 2053 862 2118 ibi
885 2053 1001 2136 angeli
1020 2053 1169 2118 externi.
1214 2051 1409 2116 Externum

245 2187 247 2194 ι
287 2157 324 2214 et
343 2149 515 2213 internum
538 2148 572 2212 in
596 2147 712 2224 caelis,
730 2168 790 2212 seu
813 2148 848 2212 in
871 2148 1064 2230 unoquovis
1087 2147 1197 2222 caelo,
1218 2167 1256 2211 se
1279 2146 1410 2211 habent

287 2245 377 2308 sicut
403 2241 635 2308 voluntarium
664 2251 700 2308 et
730 2241 801 2324 ejus
830 2239 1068 2307 intellectuale
1094 2243 1184 2326 apud
1214 2243 1409 2319 hominem;

287 2339 459 2402 internum
478 2339 567 2402 sicut
584 2337 827 2414 voluntarium,
844 2345 881 2402 et
900 2347 1085 2403 externum
1104 2339 1193 2402 sicut
1212 2337 1284 2418 ejus
1306 2335 1409 2402 intel·

287 2430 455 2497 lectuale:
490 2452 594 2498 omne
622 2431 855 2498 voluntarium
883 2431 990 2497 habet
1024 2451 1122 2496 suum
1155 2429 1409 2509 intellectuale3

288 2547 392 2592 unum
406 2527 535 2612 absque
548 2528 660 2593 altero
673 2547 741 2592 non
758 2528 880 2606 datur;
904 2547 942 2591 se
957 2527 1064 2592 habet
1077 2528 1309 2596 voluntarium
1322 2527 1409 2591 sicut

288 2623 522 2706 comparative
542 2622 689 2698 flamma,
710 2633 746 2688 et
765 2619 999 2686 intellectuale
1019 2621 1091 2704 ejus
1109 2624 1197 2688 sicut
1217 2621 1277 2686 lux
1296 2621 1387 2686 inde.

349 2731 420 2799 33.
451 2717 560 2783 Probe
579 2718 756 2788 sciendum
775 2727 841 2793 est,
862 2717 954 2800 quod
973 2718 1139 2782 interiora
1157 2718 1248 2800 apud
1264 2717 1408 2800 angelos

287 2813 427 2887 saciant,
445 2823 484 2878 ut
503 2813 572 2876 sint
590 2814 624 2876 in
644 2833 712 2876 uno
726 2821 787 2876 aut
806 2813 840 2876 in
856 2813 970 2878 altero
986 2812 1104 2877 caelo:
1128 2833 1196 2896 quo
1211 2813 1303 2876 enim
1319 2815 1408 2878 inte·

287 2909 377 2972 riora
387 2909 561 2990 apertiora
573 2908 616 2971 ad
634 2907 820 2971 Dominum
833 2916 926 2984 sunt,
939 2928 982 2972 eo
994 2907 1028 2971 in
1041 2907 1194 2972 interiori
1206 2907 1304 2972 caelo
1316 2918 1407 2974 sunt.

287 3001 374 3066 Tres
407 3003 534 3084 gradus
568 3003 766 3066 interiorum
804 3011 885 3066 sunt
923 3001 1013 3084 apud
1047 3003 1307 3086 unumquemvis
1334 3011 1407 3068 tam

287 3095 449 3178 angelum
473 3116 573 3180 quam
597 3097 766 3180 spiritum,
789 3105 826 3160 et
856 3117 991 3180 quoque
1014 3097 1105 3179 apud
1128 3095 1325 3176 hominem;
1359 3097 1407 3162 illi

286 3191 377 3276 apud
392 3212 478 3274 quos
493 3191 616 3256 tertius
632 3192 758 3274 gradus
770 3201 911 3274 apertus
926 3201 992 3267 est,
1004 3193 1038 3256 in
1054 3193 1179 3258 intimo
1191 3193 1289 3258 caelo
1304 3203 1385 3266 sunt
1399 3215 1407 3272 ;

286 3286 378 3369 apud
400 3307 486 3370 quos
509 3287 690 3362 secundus,
710 3297 770 3352 aut
795 3287 901 3351 modo
923 3288 1062 3370 primus,
1082 3287 1131 3351 illi
1153 3289 1188 3352 in
1211 3288 1326 3354 medio
1348 3299 1407 3354 aut

287 3381 410 3446 ultimo
429 3381 527 3446 caelo
546 3384 637 3446 s'unt.
683 3381 853 3446 Interiora
871 3383 1070 3464 aperiuntur
1092 3403 1152 3465 per
1171 3385 1407 3464 receptionem

287 3475 403 3541 Divini
426 3477 508 3541 boni
531 3497 571 3541 ac
596 3475 712 3541 Divini
733 3476 826 3541 veri:
855 3477 912 3560 qui
935 3475 1127 3540 afficiuntur
1150 3477 1284 3542 Divinis
1306 3479 1407 3554 veris,

286 3581 323 3636 et
345 3573 536 3637 admittunt
559 3571 618 3636 illa
637 3573 756 3636 statim
785 3571 820 3636 in
842 3573 963 3648 vitam,
983 3573 1033 3635 ita
1062 3573 1095 3635 in
1123 3573 1341 3638 voluntatem
1371 3583 1408 3638 et

285 3667 366 3733 inde
384 3665 510 3743 actum,
530 3667 565 3730 in
587 3667 710 3731 intimo
727 3687 787 3730 seu
806 3668 913 3731 tertio
931 3665 1030 3730 caelo
1049 3677 1140 3743 sunt,
1160 3677 1196 3732 et
1219 3669 1266 3732 ibi
1284 3688 1407 3732 secun·

286 3762 367 3826 dum
385 3763 621 3845 receptionem
640 3761 721 3826 boni
744 3782 789 3826 ex
812 3759 992 3826 affectione
1010 3763 1103 3840 veri;
1126 3762 1182 3846 qui
1201 3773 1318 3828 autem
1337 3783 1407 3827 non

285 3857 477 3923 admittunt
495 3857 556 3922 illa
573 3857 694 3921 statim
711 3857 746 3920 in
761 3856 992 3935 voluntatem,
1012 3858 1074 3922 sed
1096 3857 1130 3921 in
1150 3859 1351 3924 memoriam
1370 3869 1408 3924 et

686 4085 1009 4140 (amcam)

341 4189 410 4272 (pp)
430 4186 520 4260 Quod
543 4197 607 4244 tres
626 4187 701 4244 caeli
723 4187 792 4251 sint,
812 4189 960 4252 intimum,
981 4189 1122 4252 medium,
1135 4199 1167 4246 et
1187 4189 1335 4256 ultimum,
1354 4206 1406 4247 seu

285 4267 418 4322 tertium,
430 4259 605 4323 secundum,
618 4269 650 4314 et
662 4259 790 4330 primum
802 4261 843 4328 (u.
855 4259 916 4326 684,
930 4259 1026 4330 8594?
1039 4261 1130 4330 95941.
1146 4261 1252 4328 10270).

339 4327 430 4402 Quod
449 4330 540 4385 etiam
562 4330 592 4384 in
610 4329 721 4402 triplici
734 4329 840 4386 ordine
852 4341 1018 4403 sequantur
1030 4332 1110 4388 bona
1123 4331 1164 4386 ibi
1181 4333 1222 4402 (n.
1234 4331 1314 4402 4938,
1326 4347 1405 4403 4939,

285 4401 661 4543 Μόιιΐῒξόὲιῗὲιιῖὲῑίωἰ
674 4487 726 4528 seu
736 4471 817 4526 tertii
830 4471 905 4528 caeli
915 4471 1034 4528 dicatur
1042 4471 1180 4536 caeleste,
1189 4473 1303 4528 bonum
1314 4471 1405 4528 medii

285 4557 339 4598 seu
351 4542 476 4597 secundi
489 4541 652 4612 spirituale,
662 4552 694 4597 et
706 4543 818 4598 bonurn
828 4543 927 4597 ultimi
940 4559 992 4598 seu
1005 4543 1093 4615 primi
1103 4543 1259 4615 spirituale
1269 4543 1404 4604 naturale

286 4613 328 4682 (n-
340 4611 508 4684 427924286.
520 4611 600 4683 49³8,
612 4612 691 4684 4⁶³a
704 4627 784 4684 9992·
800 4625 1001 4684 10005.10017.
1018 4613 1142 4683 10068t.
