3382 5358
252 613 311 677 188
575 625 626 676 os
648 623 774 676 cristo
797 625 845 675 cr
869 623 1052 675 insesso.

248 793 392 860 busdam
421 815 482 878 per
504 813 653 871 menses,
677 803 713 859 et
742 813 819 860 cum
843 794 1046 878 quibusdam
1070 813 1130 876 per
1151 811 1302 871 annum
1335 803 1370 858 et

248 909 382 972 quoque
401 908 478 954 cum
497 889 572 952 aliis
591 900 664 954 tam
684 889 801 952 multis
820 899 857 952 ut
876 907 994 971 parum
1013 889 1163 952 dicerem
1182 888 1210 950 si
1229 897 1370 952 centum

249 983 365 1059 millia,
382 1004 429 1048 ex
444 983 566 1067 quibus
578 984 694 1066 plures
704 984 839 1048 suerunt
855 984 890 1046 in
906 983 1020 1057 caelis,
1035 991 1072 1046 et
1087 981 1201 1064 plures
1216 983 1251 1046 in
1267 983 1369 1046 inier-

248 1079 310 1142 nis.
351 1078 505 1144 Locutus
524 1081 631 1144 etiam
650 1098 725 1142 sum
744 1097 820 1142 cum
838 1078 1042 1161 quibusdam
1062 1087 1142 1160 post
1164 1077 1304 1140 biduum
1326 1079 1371 1142 ab

248 1173 355 1250 obitu,
376 1183 413 1238 et
432 1177 567 1238 narravi
585 1174 676 1260 quod
696 1193 785 1238 nunc
804 1172 968 1236 funeralis
986 1182 1024 1238 et
1046 1174 1232 1256 exsequiae
1252 1192 1369 1240 eorum

248 1279 412 1352 parentur
430 1278 468 1333 ut
487 1269 718 1353 sepeliantur;
741 1268 785 1331 ad
805 1286 893 1351 quae
908 1267 1083 1343 dixerunt,
1102 1267 1194 1350 quod
1213 1267 1302 1330 bene
1319 1267 1369 1332 la·

249 1364 341 1428 ciant
360 1375 398 1427 ut
416 1363 571 1446 rejiciant
589 1364 624 1428 id
640 1363 733 1446 quod
752 1363 819 1426 illis
837 1383 899 1446 pro
917 1382 1061 1446 corpore
1079 1371 1116 1426 et
1134 1361 1205 1439 eius
1223 1361 1369 1427 functio·

249 1458 348 1522 nibus
359 1459 582 1524 inserviverat
597 1459 632 1522 in
645 1458 774 1522 mundo
787 1479 795 1535 ;
818 1477 858 1521 ac
872 1458 1053 1522 voluerunt
1066 1467 1104 1522 ut
1116 1457 1265 1522 dicerem
1278 1458 1370 1542 quod

249 1571 320 1616 uon
336 1554 463 1616 mortui
473 1555 554 1630 sint,
568 1553 630 1616 sed
645 1553 738 1635 quod
749 1553 868 1616 vivant
883 1573 991 1636 seque
1003 1552 1160 1616 homines
1176 1571 1264 1616 nunc
1282 1555 1371 1618 sicut

249 1647 359 1728 prius;
389 1657 426 1712 et
448 1648 541 1730 quod
559 1647 880 1728 transmigraverint
904 1647 1008 1710 modo
1031 1647 1077 1710 ab
1093 1667 1162 1710 uno
1184 1649 1314 1712 mundo
1336 1649 1371 1712 iu

249 1741 417 1821 alterum;
450 1751 486 1806 et
513 1742 606 1826 quod
635 1761 705 1804 non
735 1741 848 1806 sciant
871 1741 962 1823 quod
988 1741 1115 1823 aliquid
1145 1743 1369 1823 perdiderint,

249 1837 410 1918 quoniam
430 1837 626 1920 incorpore
646 1845 682 1900 et
701 1834 799 1917 hujus
814 1835 1031 1900 sensualibus
1051 1833 1132 1900 sunt
1151 1845 1188 1900 ut
1212 1839 1313 1919 prius,
1333 1848 1370 1902 et

239 1949 384 2014 'quoque
401 1931 435 1994 in
450 1929 629 1996 intellectu
644 1940 682 1996 et
696 1931 731 1994 in
746 1930 928 1994 voluntate
944 1939 982 1994 ut
999 1931 1102 2013 prius,
1115 1939 1152 1994 et
1168 1932 1261 2014 quod
1276 1933 1369 1996 simi·

250 2025 301 2088 les
330 2025 398 2088 illis
423 2027 659 2108 cogitationes
686 2035 724 2088 et
752 2021 960 2100 affectiones,
985 2025 1113 2089 similes
1141 2028 1369 2104 sensationes‚

250 2127 286 2182 et
302 2119 426 2184 similia
443 2121 624 2194 desideria,
644 2119 759 2202 qualia
777 2119 811 2182 in
828 2119 966 2182 mundo.
1012 2119 1166 2202 Plerique
1185 2141 1231 2185 ex
1250 2141 1370 2190 recens

250 2216 404 2290 mortuis,
429 2235 507 2280 cum
531 2235 568 2280 se
590 2215 751 2278 viderunt
774 2213 889 2278 vivere
912 2213 1070 2277 homines
1091 2216 1179 2280 sicut
1202 2217 1304 2298 prius,
1328 2237 1368 2282 sc

248 2309 283 2372 in
309 2309 410 2374 simili
433 2319 538 2384 statu,
564 2307 660 2391 (nam
685 2316 766 2390 post
792 2317 941 2372 mortem
964 2308 1108 2390 primum
1128 2310 1233 2373 cuivis
1256 2320 1370 2375 status

248 2403 343 2468 vitae
364 2413 431 2481 est,
450 2403 560 2488 qualis
587 2404 619 2469 ei
640 2403 751 2468 suerat
780 2402 815 2466 in
838 2403 977 2476 mundo,
998 2403 1060 2468 sed
1090 2403 1148 2468 ille
1175 2408 1370 2471 successive

249 2499 339 2580 apud
362 2519 440 2563 eum
459 2508 613 2563 mutatur
634 2497 690 2562 vel
713 2498 748 2562 in
770 2495 903 2560 caelum
926 2497 981 2560 vel
1004 2499 1039 2560 in
1062 2497 1257 2583 infernum.)
1278 2521 1370 2566 novo

248 2593 376 2675 gaudio
404 2591 516 2656 affecti
546 2603 626 2657 sunt
656 2593 748 2675 quod
772 2593 902 2668 vivent,
926 2603 962 2656 et
992 2591 1156 2658 dixerunt
1179 2596 1271 2678 quod
1300 2595 1368 2661 hoc

249 2707 319 2752 non
335 2688 562 2752 crediderint:
587 2689 648 2751 sed
664 2687 766 2752 valde
782 2687 905 2762 mirati,
923 2687 1015 2768 quod
1039 2688 1072 2750 in
1091 2687 1153 2752 tali
1172 2690 1369 2770 ignorantia

248 2791 285 2846 et
307 2783 479 2847 caecitate
501 2781 545 2846 de
567 2791 662 2846 statu
680 2802 762 2845 suae
779 2782 875 2844 vitae
896 2791 975 2863 post
996 2792 1144 2846 mortem
1162 2783 1307 2863 suerint3
1331 2795 1368 2850 et

249 2878 369 2959 magis,
394 2877 485 2960 quod
515 2877 549 2940 in
571 2876 633 2940 tali
667 2877 712 2940 sit
735 2876 840 2940 homo
861 2875 1041 2950 ecclesiae,
1065 2877 1121 2959 qui
1144 2887 1263 2941 tamen
1286 2898 1368 2960 prae

248 2970 406 3034 omnibus
424 2970 458 3034 in
477 2971 635 3034 uniuerso
653 2978 820 3032 terrarum
839 2968 922 3032 orbe
944 2969 979 3032 in
1001 2968 1077 3034 luce
1096 2971 1139 3042 de
1162 2969 1229 3034 illis
1248 2981 1367 3052 potest

248 3061 386 3128 essert>
430 3063 578 3128 Causam
596 3063 685 3126 illius
700 3063 880 3128 caecitatis
902 3071 939 3128 et
960 3063 1178 3145 ignorantiae
1197 3075 1279 3129 tunc
1298 3067 1366 3149 pri·

637 3285 686 3342 ll*
698 3296 795 3330 Μ
806 3287 979 3342 mli

182 3439 184 3446 ,
303 3391 366 3461 (Μ)
387 3389 475 3462 Quod
489 3389 580 3443 hodie
593 3387 624 3443 in
634 3385 863 3444 christianismo
873 3389 959 3459 pauci
969 3389 1094 3445 credent
1102 3391 1184 3462 quod
1197 3391 1289 3446 homo
1297 3401 1366 3462 post

249 3471 377 3520 mortem
390 3461 492 3516 statim
506 3477 573 3514 resu
627 3459 762 3528 t(Prsei.
772 3460 811 3514 orl
824 3460 1365 3531 0002186020,οῑ1ι.4622,10758);

247 3535 301 3590 sed
319 3533 402 3605 quod
420 3541 557 3600 tempore
577 3547 595 3584 u
607 3529 675 3585 timi
691 3530 804 3602 judicii.
822 3547 891 3588 cum
909 3531 991 3589 orbis
1008 3529 1198 3602 sspetlsbilis
1216 3533 1365 3605 periturus

248 3601 701 3743 {Sigzhggigffidlffilrle-datm
715 3673 754 3741 (n.
771 3670 883 3740 10594[?
898 3671 1003 3740 105951,
1021 3671 1126 3740 10758).

301 3744 391 3818 Quod
405 3759 500 3813 usque
512 3743 605 3797 homo
616 3743 718 3797 stetim
732 3753 801 3812 post
813 3752 940 3798 mortem
953 3751 1094 3813 resurgat,
1102 3751 1134 3797 et
1146 3742 1228 3813 quod
1240 3753 1315 3798 tunc
1325 3745 1364 3801 sit

248 3817 341 3872 homo
352 3815 452 3886 quoad
469 3814 615 3871 omniaet
629 3813 747 3884 singule
761 3815 891 3882 (11.4527,
906 3812 983 3882 5006.
998 3812 1074 3882 5078,
1089 3813 1166 3884 8939,
1180 3813 1257 3883 8991,
1270 3828 1364 3885 ιο594,

250 3887 390 4028 10763100
403 3955 503 4038 anima
514 3969 592 4024 quae
603 3953 679 4009 vivit
692 3963 761 4025 post
773 3963 910 4038 mortem,
923 3953 970 4038 sit·
978 3953 1101 4037 spiritus
1114 3952 1254 4016 hominis,
1267 3955 1318 4026 qui
1333 3955 1363 4009 in

247 4025 370 4083 homine
379 4035 427 4080 est
439 4025 611 4095 ipsehomo.
622 4035 653 4080 et
664 4041 783 4096 quoque
797 4041 827 4079 ιιι
840 4026 1005 4080 alterautra
1017 4041 1047 4078 111
1061 4023 1297 4094 pertrectaremus
1310 4027 1365 4080 hu-

247 4113 337 4152 mans
349 4099 390 4166 (n.
404 4111 463 4164 32²·
480 4095 555 4158 1880,
572 4095 645 4158 1881,
658 4096 735 4166 3635,
747 4095 826 4161 4622,
838 4107 917 4164 4735,
929 4095 1005 4166 5883,
1013 4095 1092 4162 6054,
1102 4093 1181 4164 6605,
1191 4095 1269 4156 6626,
1282 4108 1363 4164 7021,

249 4171 345 4237 10594)
357 4184 364 4222 :
378 4168 417 4220 ab
428 4167 613 4250 experientia
625 4168 665 4236 (n.
674 4179 752 4235 4527,
766 4165 840 4234 5006,
855 4165 952 4234 8939):
967 4181 1004 4220 ex
1015 4163 1114 4220 Verbo
1126 4166 1166 4234 (n.
1180 4167 1294 4234 10597):
1313 4182 1364 4220 ex-

246 4240 372 4322 plicetur
382 4237 455 4308 quid
471 4237 647 4309 intelligitur
656 4253 709 4308 per
718 4237 799 4309 quod
813 4237 924 4290 mortui
933 4235 990 4289 visi
1003 4235 1033 4288 in
1046 4233 1149 4290 santia
1158 4237 1240 4298 urbe,
1250 4235 1364 4292 Matth.

246 4325 335 4365 xxvn.
408 4325 437 4364 n.
469 4323 502 4362 22
533 4349 541 4365 .

329 4309 560 4436 ullrlnghollo
567 4377 925 4441 resuscitatoremortuis‚
932 4378 970 4432 a'o
977 4377 1161 4448 experientia
1171 4378 1212 4446 (n.
1222 4377 1323 4432 168-18
1341 4377 1363 4444 ).

329 4467 345 4504 0
358 4460 439 4504 statu
449 4451 514 4520 ejus
527 4461 595 4522 post
608 4450 865 4505 resuscitationem
877 4449 917 4515 (n.
929 4461 1059 4516 317-319,
1071 4461 1148 4516 2119,
1160 4459 1235 4516 5079,
1250 4461 1298 4516 105
1355 4465 1362 4510 ς

246 4518 336 4575 taleae
355 4521 515 4591 opiniones
532 4523 571 4578 de
588 4521 690 4578 enims
706 4530 738 4577 et
755 4519 822 4593 ejus
839 4515 1056 4575 resurrectione
1076 4519 1115 4582 (11.
1130 4531 1192 4586 444,
1206 4530 1268 4588 445,
1283 4529 1362 4586 4527.

244 4593 324 4661 4622,
336 4593 428 4664 4658).
