3408 5358
426 644 536 696 nouo
560 643 651 695 Posi
674 643 837 694 nouauit
861 641 928 693 asa
951 641 992 692 ru
1016 641 1115 693 ouur
1138 641 1265 692 seusu
1352 629 1413 710 287

296 823 399 879 coetu
417 814 576 898 plurium,
595 812 782 878 secundum
802 811 943 875 Domini
961 811 1075 888 verba,

345 943 360 965 ‘¹
368 939 454 992 Nihil.
464 939 645 990 .reconditum
658 947 707 997 est,
720 938 793 1002 quod
805 952 860 986 non
873 937 1058 999 retegendum,
1073 946 1100 986 et
1112 937 1179 986 nihil
1192 936 1328 986 occultum
1341 938 1414 1000 quod

427 1020 483 1054 non
497 1004 732 1067 cognoscendum:
752 1013 896 1066 propterea
912 1017 980 1066 quae
998 1003 1025 1052 in
1045 1003 1163 1052 tenebris
1180 1003 1295 1062 dixistis,
1310 1003 1337 1050 in
1356 1003 1414 1052 luce

424 1070 584 1128 audientum
608 1079 635 1118 et
652 1069 725 1132 quod
742 1069 769 1118 in
787 1083 880 1118 aurem
899 1067 981 1118 locuti
995 1069 1203 1131 estis,...super
1215 1065 1294 1120 tectis
1308 1069 1414 1131 praedi·

425 1136 529 1186 cabitur
534 1135 549 1156 ”
560 1134 635 1197 (Luc.
649 1135 693 1185 xii.
707 1146 729 1192 a,
742 1133 775 1197 3).

357 1263 461 1350 463.
493 1259 642 1343 Quando
661 1269 864 1341 reteguntur
883 1258 1014 1323 homini
1036 1257 1114 1324 atta
1136 1279 1197 1322 sua
1219 1269 1299 1341 post
1322 1279 1414 1324 mor·

294 1369 377 1434 tem,
401 1366 482 1420 tunc
514 1355 642 1437 angeli,
673 1355 793 1438 quibus
825 1355 945 1418 daturn
975 1363 1029 1418 est
1059 1373 1182 1418 munus
1211 1355 1412 1437 inquirendi,

293 1453 481 1535 inspiciunt
503 1451 624 1514 satiem
648 1448 740 1531 ejus;
774 1459 810 1513 et
833 1459 1042 1532 pervagatur
1063 1450 1238 1532 inquisitio
1256 1471 1317 1532 per
1339 1452 1413 1514 uni·

293 1565 429 1611 versum
449 1564 582 1627 corpus,
603 1545 799 1626 incipiendo
821 1564 841 1606 a
863 1544 982 1625 digitis
1000 1543 1097 1606 unius
1120 1553 1156 1606 et
1179 1543 1321 1608 alterius
1340 1563 1414 1609 nra-

294 1661 368 1717 nus,
385 1649 421 1704 et
444 1641 492 1704 sic
516 1639 694 1721 pergendo
716 1658 776 1720 per
799 1647 922 1702 totum.
967 1636 1057 1720 Quia
1079 1639 1221 1702 miratus
1243 1657 1330 1714 sum,
1351 1659 1413 1702 un·

293 1737 418 1800 denam
449 1733 527 1810 hoc,
558 1731 734 1798 detectum
766 1742 839 1797 est:
881 1733 972 1815 quod
1005 1752 1130 1815 nempe
1160 1733 1249 1797 sicut
1278 1734 1414 1816 singula

293 1831 518 1914 cogitationis
542 1841 579 1894 et
601 1829 794 1892 voluntatis
813 1829 977 1910 inscripta
995 1837 1075 1892 sunt
1094 1828 1247 1905 cerebro,
1265 1847 1345 1892 nam
1367 1829 1414 1892 ibi

293 1945 409 1990 earum
432 1926 598 2008 principia
621 1934 712 1998 sunt,
737 1924 786 1987 ita
808 1943 943 2006 quoque
966 1923 1131 2005 inscripta
1153 1933 1233 1986 sunt
1256 1923 1414 1987 universo

293 2021 439 2104 corpori,
459 2019 621 2103 quoniam
640 2018 721 2082 illuc
745 2027 894 2101 pergunt
913 2019 1029 2080 omnia
1047 2018 1270 2100 cogitationis
1293 2028 1329 2082 et
1351 2039 1413 2082 vo-

293 2115 436 2180 luntatis
462 2137 483 2179 a
512 2115 686 2197 principiis
713 2115 792 2190 suis,
816 2122 853 2177 et
879 2113 925 2176 ibi
954 2114 1183 2177 terminantur
1212 2122 1250 2176 ut
1279 2113 1313 2175 in
1344 2113 1413 2176 suis

293 2207 422 2272 ultimis
439 2229 447 2286 ;
471 2209 561 2272 unde
579 2219 645 2284 est,
665 2208 756 2291 quod
775 2228 862 2291 quae
880 2208 1045 2289 inscripta
1062 2217 1142 2272 sunt
1164 2209 1349 2272 memoriae
1368 2229 1414 2272 ex

293 2303 476 2368 voluntate
503 2313 539 2368 et
569 2305 649 2368 inde
672 2305 888 2386 cogitatione
913 2302 995 2385 ejus,
1016 2323 1085 2366 non
1116 2304 1220 2367 modo
1249 2304 1414 2386 inscripta

292 2399 362 2464 sint
376 2399 517 2462 cerebro
529 2399 589 2463 sed
606 2400 712 2464 etiam
726 2399 792 2462 toti
807 2399 948 2474 homini,
962 2417 1001 2461 ac
1016 2398 1061 2461 ibi
1074 2399 1231 2462 existant
1246 2399 1279 2461 in
1292 2397 1413 2462 ordine

292 2494 481 2558 secundum
505 2495 661 2557 ordinem
684 2494 831 2576 partium
854 2494 1016 2576 corporis.
1061 2492 1147 2556 Inde
1173 2493 1296 2576 patuit,
1321 2493 1413 2576 quod

293 2587 399 2652 homo
417 2587 499 2652 talis
518 2589 562 2651 sit
581 2589 615 2651 in
635 2597 723 2664 toto,
744 2587 852 2670 qualis
871 2597 925 2652 est
948 2589 982 2650 in
1001 2608 1061 2650 sua
1078 2587 1260 2650 voluntate
1279 2596 1315 2651 et
1334 2587 1413 2652 inde

293 2683 519 2764 cogitatione,
537 2683 625 2746 adeo
641 2693 678 2746 ut
698 2683 807 2746 malus
825 2681 931 2746 homo
947 2684 992 2746 sit
1016 2702 1112 2746 suurn
1132 2681 1271 2759 malum,
1291 2691 1327 2746 et
1351 2683 1413 2746 bo·

293 2797 356 2841 nus
375 2797 472 2841 suum
488 2774 662 2842 bonurnltl
707 2777 765 2842 Ex
784 2777 836 2841 his
852 2788 1163 2860 quoque-constare
1182 2787 1312 2858 potest,
1333 2779 1412 2861 quid

293 2871 497 2954 intelligitur
520 2894 581 2956 per
603 2874 725 2937 librum
748 2875 842 2936 vitae
865 2873 1024 2948 hominis,
1048 2874 1092 2936 de
1118 2893 1186 2955 quo
1213 2873 1247 2936 in
1270 2871 1411 2952 Verb0;

293 2968 383 3050 quod
403 2987 526 3050 nempe
550 2970 594 3032 sit
617 2970 709 3051 quod
728 2970 844 3033 omnia
862 2977 934 3032 tarn
954 2967 1030 3032 acta
1049 2989 1150 3052 quam
1170 2971 1326 3050 cogitata
1345 2970 1413 3033 toti

292 3062 421 3126 homini
438 3065 602 3147 inscripta
618 3065 698 3141 sint,
710 3073 745 3128 et
762 3064 851 3148 quod
869 3074 1058 3146 appareant
1071 3065 1159 3128 sicut
1175 3065 1208 3126 in
1225 3064 1311 3128 libro
1324 3061 1414 3128 ledia

293 3177 370 3223 cum
393 3179 438 3222 ex
462 3161 627 3223 memoria
649 3170 847 3236 evocantur,
868 3169 905 3223 et
928 3162 1015 3223 sicut
1038 3161 1072 3223 in
1098 3159 1210 3242 effigie
1233 3161 1316 3236 visa,
1334 3179 1412 3224 cum

292 3253 430 3335 spiritus
446 3252 622 3337 spectatur
639 3255 673 3319 in
690 3254 766 3317 luce
781 3253 879 3318 caeli.
925 3253 989 3317 His
1005 3254 1150 3335 adjicere
1166 3253 1270 3319 velim
1285 3255 1413 3337 aliquid

293 3350 514 3414 memorabile
531 3351 574 3414 de
593 3353 757 3415 memoria
773 3351 920 3415 hominis
935 3361 1014 3434 post
1033 3361 1181 3415 mortem
1197 3362 1411 3428 remanente,

292 3463 352 3526 per
368 3446 459 3528 quod
477 3445 696 3510 confirmatus
712 3465 797 3521 sum,
815 3446 906 3528 quod
923 3465 991 3509 non
1009 3447 1112 3509 modo
1129 3448 1334 3519 communia,
1352 3449 1412 3511 sed

292 3540 397 3603 etiam
417 3541 696 3622 singularissima‚
714 3561 801 3624 quae
817 3543 1017 3604 memoriam
1033 3542 1259 3616 intraverunt,
1278 3561 1412 3622 perma-

293 3644 408 3710 neant,
421 3655 482 3699 nec
500 3655 642 3718 usquam
656 3635 909 3700 oblitterentur.
954 3635 1030 3699 Visi
1049 3636 1130 3699 mihi
1146 3645 1226 3698 sunt
1243 3635 1318 3700 libri
1335 3657 1412 3700 curn

292 3731 469 3812 scripturis
495 3732 576 3796 inibi
604 3733 692 3796 sicut
721 3733 755 3796 in
783 3733 920 3806 mundo,
941 3740 977 3795 et
1007 3730 1192 3795 instructus
1215 3751 1299 3806 sum,
1321 3734 1411 3816 quod

294 3824 362 3888 sint
385 3847 430 3889 ex
454 3827 617 3890 memoria
640 3846 757 3891 eorum
780 3827 836 3909 qui
859 3828 1079 3910 scripserunt,
1099 3836 1135 3890 et
1158 3827 1250 3910 quod
1273 3827 1319 3890 ibi
1342 3847 1411 3892 non

683 4033 731 4088 [lu
742 4043 840 4076 ΑΜΒ
851 4035 1020 4088 amausi]

348 4134 390 4204 (k)
416 4132 506 4208 Quod
525 4137 623 4192 bonus
641 4135 742 4199 homo.
755 4137 887 4208 spiritus,
901 4147 932 4194 et
949 4139 1073 4210 angelus
1092 4139 1131 4194 sit
1149 4155 1236 4194 suurn
1252 4140 1365 4196 bonum
1381 4151 1412 4196 et

294 4221 381 4260 suum
393 4222 507 4270 verum,
521 4207 578 4262 hoe
590 4217 646 4272 est,
659 4209 741 4280 quod
755 4219 838 4264 totus
851 4209 890 4265 sit
902 4210 990 4280 quale
1002 4211 1068 4281 ejus
1080 4210 1193 4264 bonurn
1206 4221 1238 4265 et
1250 4227 1356 4267 verum
1370 4214 1411 4282 (n.

297 4275 589 4430 'mgss’uiffiffss'quia
600 4349 712 4404 bonum
723 4347 798 4434 lacit
808 4350 1005 4434 voluntatem,
1015 4362 1046 4406 et
1055 4349 1367 4434 verumintellettum,
1376 4369 1412 4408 ac

293 4415 434 4542 voluntals
446 4430 478 4473 et
491 4418 788 4545 intelletlus6l²acrzrgr6t
800 4437 889 4559 {smne
901 4431 982 4476 vitae
994 4423 1074 4494 apud
1088 4423 1250 4498 hommem,
1263 4423 1410 4495 spiritum,

294 4495 324 4542 et
337 4492 655 4622 agiffiiffispnsfflgae
662 4506 743 4634 qu³od
757 4503 857 4626 trinio,
870 4563 1001 4634 spiritus,
1014 4573 1044 4618 et
1057 4563 1179 4636 angelus
1191 4563 1231 4620 sit
1243 4581 1314 4621 auus
1327 4581 1412 4620 amor

295 4629 335 4697 (n.
348 4629 428 4696 6872,
441 4643 534 4697 10177.
552 4631 658 4701 10284).
