3408 5358
384 661 494 714 nouo
518 662 610 714 rosc
634 662 798 714 uonrsu
821 663 889 716 nsr
913 665 955 714 m
978 665 1112 716 nonna
1136 667 1313 718 nunnus.
1351 670 1414 736 ²79

290 836 346 919 qui
363 835 396 900 in
410 837 497 900 veris
515 846 594 901 sunt
608 857 810 902 concessum
823 848 887 902 est.
922 835 1007 920 Quis
1021 859 1163 922 usquam
1176 837 1413 905 intellecturus

290 941 385 996 esset
401 931 554 996 Verbum
577 954 623 996 ex
646 953 749 998 sensu
772 933 843 1014 ejus
867 933 1014 1011 litterae,
1036 936 1098 998 nisi
1122 937 1240 1000 videat
1264 957 1345 1000 vera
1367 936 1412 1000 ibi

290 1047 336 1090 ex
365 1028 528 1092 rationali
551 1028 752 1094 illustrato?
795 1027 899 1094 Unde
926 1028 1054 1112 alioqui
1087 1039 1142 1094 tot
1176 1031 1336 1096 haereses
1366 1052 1412 1095 ex

290 1124 413 1188 eodem
432 1123 552 1188 Verbo
562 1121 612 1190 ‚un

352 1220 455 1302 456.
486 1217 588 1300 Quod
602 1219 739 1301 spiritus
756 1217 904 1283 hominis
914 1229 994 1302 post
1007 1219 1216 1284 solutionem
1233 1240 1253 1284 a
1269 1241 1412 1304 corpore

290 1313 335 1378 sit
352 1313 467 1390 homo,
485 1316 571 1378 etin
590 1315 692 1378 simili
706 1315 824 1390 lorma,
838 1314 903 1378 hoc
918 1314 1000 1378 mihi
1017 1335 1077 1398 per
1092 1315 1319 1380 cottidianam
1336 1315 1410 1398 plu·

289 1409 375 1472 rium
404 1429 572 1474 annorum
599 1411 851 1494 experientiam
884 1410 918 1473 in
949 1419 1082 1476 testato
1112 1421 1188 1490 est3
1222 1431 1301 1474 nam
1329 1410 1408 1476 illos

290 1503 414 1568 millies
432 1505 512 1580 vidi,
529 1505 654 1581 audivi,
674 1516 710 1570 et
730 1525 807 1570 cum
826 1504 894 1570 illis
912 1504 1049 1570 locutus
1067 1527 1153 1580 sum,
1171 1507 1275 1570 etiam
1296 1507 1339 1570 de
1358 1527 1410 1580 eo,

290 1599 381 1682 quod
400 1599 557 1664 homines
583 1601 617 1663 in
642 1601 770 1664 mundo
786 1620 855 1664 non
875 1600 965 1665 tales
988 1621 1063 1664 esse
1082 1602 1238 1678 credant,
1259 1609 1295 1668 et
1319 1601 1412 1685 quod

289 1693 338 1758 illi
362 1695 419 1778 qui
438 1696 582 1759 credunt
603 1695 648 1758 ab
666 1696 807 1760 eruditis
826 1705 1028 1777 reputentur
1045 1705 1083 1760 ut
1104 1696 1288 1778 simplices.
1334 1695 1410 1778 Spi-

289 1790 374 1854 ritus
393 1789 577 1854 doluerunt
596 1791 711 1864 corde,
729 1791 820 1872 quod
839 1791 920 1854 talis
935 1791 1131 1874 ignorantia
1147 1791 1258 1855 adhuc
1278 1801 1411 1873 perstet

288 1887 322 1948 in
342 1885 435 1960 orbe,
453 1895 489 1949 et
508 1887 659 1949 maxime
678 1887 769 1950 intra
787 1885 991 1965 ecclesiam;
1013 1885 1074 1950 sed
1092 1886 1178 1950 haec
1196 1885 1298 1950 fidem
1317 1887 1410 1950 dice-

288 1979 375 2044 bant
403 1982 618 2044 emanavisse
645 1981 809 2062 imprimis
839 1981 884 2043 ab
912 1981 1066 2056 eruditis,
1097 1982 1154 2064 qui
1181 2002 1227 2046 ex
1260 1980 1410 2044 sensuali

288 2093 454 2156 corporeo
471 2077 712 2156 cogitaverunt
731 2075 775 2140 de
791 2075 915 2150 anima,
933 2096 978 2140 ex
998 2096 1066 2158 quo
1086 2075 1129 2138 de
1148 2075 1207 2138 illa
1223 2095 1292 2138 non
1308 2075 1409 2138 aliam

288 2169 401 2234 ideam
418 2180 592 2252 ceperunt,
610 2190 710 2253 quam
726 2171 815 2234 sicut
832 2170 875 2232 de
895 2171 1108 2252 cogitatione
1127 2169 1212 2244 sola,
1230 2189 1409 2253 quaecum

289 2267 418 2349 absque
442 2266 557 2349 aliquo
581 2261 733 2347 subjecto
755 2267 789 2330 in
820 2285 888 2348 quo
915 2275 951 2329 et
981 2286 1027 2329 ex
1057 2286 1125 2349 quo
1149 2263 1336 2347 spectatur,
1356 2277 1411 2330 est

288 2363 377 2425 sicut
396 2361 570 2444 quoddam
588 2359 731 2424 volatile
754 2361 826 2442 puri
845 2359 1007 2435 aetheris,
1025 2361 1127 2444 quod,
1145 2362 1314 2424 moriente
1334 2380 1409 2424 cor·
1463 2431 1466 2450 Ι

288 2475 382 2536 pore,
396 2477 464 2519 non
475 2465 593 2539 potest
610 2475 678 2520 non
695 2455 850 2536 dissipari
867 2475 874 2516 :
899 2455 961 2518 sed
978 2456 1055 2538 quia
1067 2455 1214 2538 ecclesia
1232 2476 1278 2518 ex
1291 2454 1410 2518 Verbo

288 2553 421 2616 animae
440 2551 736 2616 immortalitatem
756 2549 876 2622 credit,
895 2569 964 2612 non
984 2559 1169 2632 potuerunt
1188 2549 1289 2614 aliter
1308 2569 1409 2632 quam

288 2645 427 2730 aliquod
443 2645 560 2722 vitale,
581 2645 681 2728 quale
700 2655 753 2708 est
773 2646 1008 2726 cogitationis,
1030 2646 1060 2709 ei
1078 2645 1249 2720 addicere,
1270 2645 1331 2709 sed
1354 2664 1409 2707 us-

288 2763 353 2824 que
377 2761 446 2805 non
464 2743 676 2817 sensitivum,
694 2739 794 2822 quale
813 2739 953 2814 homini,
971 2741 1163 2823 priusquam
1183 2741 1307 2804 iterum
1325 2761 1408 2804 con-

285 2834 402 2920 juncta
414 2845 507 2900 esset
524 2836 667 2918 corpori.
712 2834 821 2916 Super
832 2834 897 2898 hac
909 2836 1069 2917 opinione
1081 2835 1242 2898 fundatur
1254 2832 1410 2899 doctrina

289 2933 332 2995 de
348 2929 606 3004 resurrectione,
620 2951 660 2994 ac
673 2927 757 2992 fides
769 2931 862 3012 quod
875 2926 1068 3011 conjunctio
1080 2929 1192 2994 lutura
1205 2931 1259 3004 sit,
1272 2931 1410 3013 quando

289 3027 446 3090 ultimum
462 3025 625 3107 judicium
648 3026 764 3103 venit;
794 3024 873 3088 inde
893 3033 958 3100 est,
979 3043 1056 3088 cum
1079 3024 1200 3108 aliquis
1229 3025 1272 3088 de
1296 3027 1409 3089 anima

289 3142 335 3186 ex
358 3119 514 3186 doctrina
537 3131 573 3184 et
596 3119 696 3183 simul
719 3140 765 3184 ex
787 3119 975 3201 hypothesi
994 3120 1140 3201 cogitat,
1160 3119 1251 3202 quod
1271 3140 1408 3202 prorsus

290 3231 358 3277 non
381 3215 495 3296 capiat
517 3215 608 3296 quod
631 3214 690 3278 illa
713 3216 757 3278 sit
781 3215 931 3298 spiritus,
951 3224 986 3278 et
1009 3215 1037 3278 is
1065 3217 1099 3278 in
1122 3215 1231 3279 torma
1249 3216 1408 3280 humana.

288 3307 449 3382 Accedit,
467 3309 559 3390 quod
583 3311 641 3372 vix
665 3311 785 3392 aliquis
804 3309 907 3374 hodie
930 3311 1017 3374 sciat
1035 3310 1115 3393 quid
1139 3309 1318 3393 spirituale
1341 3321 1407 3382 est,

288 3413 324 3467 et
344 3405 456 3467 minus
472 3403 563 3486 quod
580 3405 692 3487 aliqua
708 3405 817 3469 lorma
832 3403 982 3468 humana
998 3405 1042 3468 sit
1058 3404 1126 3468 illis
1142 3405 1198 3488 qui
1215 3404 1409 3487 spirituales

288 3509 379 3574 sunt,
396 3498 514 3582 quales
530 3509 609 3563 sunt
624 3519 745 3563 omnes
760 3501 897 3581 spiritus
912 3509 948 3564 et
964 3499 1090 3582 angeli.
1137 3499 1222 3564 Inde
1239 3509 1303 3575 est,
1317 3501 1408 3582 quod

288 3594 357 3658 lere
376 3614 495 3658 omnes
514 3595 607 3678 quie
626 3595 754 3658 mundo
772 3595 925 3670 veniunt,
943 3595 1109 3658 mirentur
1125 3615 1225 3678 quam
1245 3595 1407 3668 maxime,

678 3833 726 3884 unx
739 3842 836 3873 aucam
848 3833 1019 3886 nummu

343 3945 392 4016 (g)
419 3943 508 4026 Quod
521 3959 539 3998 a
550 3943 628 3998 veris
641 3941 794 3998 doctrinae
807 3943 958 4006 ecclesiae,
972 3959 1050 4016 quae
1062 3959 1098 3998 ex
1111 3943 1221 4006 Verbo,
1235 3945 1407 3998 ducendum

288 4016 328 4140 pit
343 4015 532 4140 piincipiilig'
545 4024 582 4154 et(
595 4015 794 4154 illgopqimum
810 4016 1009 4086 agnoscenda,
1022 4023 1054 4070 et
1068 4015 1150 4086 quod
1165 4015 1236 4070 dein
1252 4016 1409 4071 consulere

300 4101 364 4140 rcea
389 4101 471 4140 scien
489 4102 497 4138 ι
520 4101 555 4139 ea
582 4101 610 4140 n.
708 4127 715 4140 .

343 4155 390 4210 lta
401 4157 482 4227 quod
499 4156 587 4211 liceat
603 4156 661 4211 illis
673 4099 724 4228 riui
738 4157 768 4210 in
781 4155 959 4212 affirmativo
971 4166 1041 4212 sunt
1053 4156 1091 4210 de
1104 4155 1182 4210 veris
1195 4155 1274 4219 lidel,
1290 4172 1343 4226 per
1350 4156 1409 4210 sci«

288 4225 409 4282 entifica
424 4225 611 4281 rationaliter
624 4227 802 4282 confirmare
818 4227 876 4291 illa.
890 4243 950 4282 non
965 4236 1067 4282 autem
1084 4226 1208 4298 illisqui
1225 4225 1255 4280 in
1269 4227 1409 4298 negativo

288 4308 358 4353 sunt
372 4300 413 4366 (n.
427 4297 505 4366 2568,
520 4297 597 4366 2588,
611 4299 689 4364 4760,
703 4298 795 4365 6047).

340 4367 432 4452 Quod
444 4369 609 4423 secundum
625 4369 767 4424 Divinum
780 4369 916 4424 ordinem
929 4368 969 4424 sit
980 4384 999 4423 a
1010 4368 1089 4423 veris
1101 4367 1304 4438 spiritualibus
1317 4367 1408 4423 ratio-

288 4440 397 4493 naliter
410 4439 520 4493 intrare
533 4439 563 4493 in
576 4439 749 4502 scientifica,
763 4455 839 4510 quae
853 4450 925 4494 sunt
935 4453 1007 4494 vera
1022 4438 1176 4500 naturalia,
1190 4447 1221 4493 et
1233 4453 1294 4493 non
1307 4439 1345 4492 ab
1361 4437 1408 4492 his

288 4509 326 4563 ad
337 4509 394 4572 illa,
403 4509 473 4580 quia
483 4511 572 4563 datur
581 4510 709 4565 influxus
719 4509 883 4580 spiritualis
893 4509 922 4563 in
932 4509 1087 4571 naturalia.
1095 4523 1157 4563 non
1167 4519 1268 4564 autern
1279 4507 1409 4562 influxus

289 4581 432 4635 naturalis
444 4597 498 4635 seu
515 4581 555 4650 ph
593 4581 655 4635 icus
674 4581 705 4635 in
720 4581 887 4651 spiritualia
902 4582 943 4650 (n.
958 4595 1036 4650 3119,
1054 4591 1130 4650 5119,
1146 4591 1222 4650 5259,
1238 4591 1313 4650 5427,
1331 4579 1407 4650 5428.

291 4651 366 4720 5478,
379 4651 459 4720 6322.
471 4665 502 4720 91
512 4653 562 4721 rol.
582 4651 672 4721 91091,
685 4665 716 4721 91
725 4665 734 4705 1
743 4650 782 4721 r[?
795 4651 899 4721 9¹¹0ll·
