3408 5358
397 693 509 747 uouo
532 693 623 747 ross
647 693 810 746 uoasuu
835 695 902 746 ass
926 695 966 746 1u
990 694 1089 747 omn
1113 695 1239 746 seusu.
1328 679 1391 762 289

271 865 424 930 essentia
445 883 515 928 non
538 873 618 929 aunt
641 865 821 940 naturalia,
839 865 899 928 sed
923 863 1125 948 spiritualia,
1146 874 1246 947 prout
1270 872 1387 927 osten·

271 977 345 1024 sum
354 960 512 1023 videatur
523 961 556 1024 in
569 959 715 1024 articulo
727 960 770 1024 de
784 959 1104 1041 Repraesentativis
1117 971 1152 1023 et
1165 957 1388 1042 Apparentiis

270 1055 304 1118 in
321 1053 428 1120 Caelo
441 1053 488 1138 (n.
507 1053 676 1136 170-176).
721 1053 788 1118 Sed
801 1055 965 1118 memoria
977 1064 1124 1119 externa
1139 1074 1199 1118 seu
1211 1053 1387 1128 naturalis,

270 1160 437 1233 quantum
456 1150 500 1213 ad
518 1149 577 1212 illa
596 1149 678 1212 inibi
694 1169 781 1233 quae
797 1149 940 1212 trahunt
959 1169 979 1213 a
998 1149 1178 1224 materiali,
1196 1169 1283 1231 eque
1298 1157 1387 1212 tem·

270 1265 352 1326 pore
370 1255 407 1310 et
436 1245 561 1328 spatio,
578 1253 615 1308 et
643 1264 664 1308 a
692 1243 830 1326 reliquis
859 1263 947 1328 quae
970 1243 1106 1327 propria
1128 1253 1271 1307 naturae
1294 1253 1386 1318 sunt,

271 1359 338 1403 non
357 1341 497 1404 inservit
517 1339 649 1421 spiritui
667 1357 730 1421 pro
751 1338 812 1401 illo
835 1359 897 1401 usu
919 1339 953 1402 in
976 1357 1043 1422 quo
1061 1338 1285 1402 inserviverat
1304 1339 1334 1402 el
1353 1338 1387 1400 in

270 1437 407 1510 mundo,
421 1435 583 1518 quoniam
595 1434 700 1498 homo
715 1433 749 1496 in
763 1434 902 1509 mundo,
917 1452 994 1497 cum
1007 1453 1052 1496 ex
1066 1433 1214 1496 sensuali
1226 1441 1385 1506 externo,

269 1541 304 1593 et
324 1547 397 1593 non·
412 1529 512 1593 simul
536 1549 581 1593 ex
601 1530 750 1592 sensuali
769 1530 906 1592 interno
924 1549 984 1592 seu
1007 1525 1231 1591 intelledtuali
1254 1530 1386 1610 cogita·

269 1625 330 1698 vlt,
350 1624 553 1688 naturaliter
571 1633 607 1688 et
631 1643 700 1687 non
720 1623 944 1706 spiritualiter
961 1623 1131 1704 cogitavit
1149 1643 1157 1700 ;
1187 1631 1224 1686 at
1247 1643 1330 1688 vero
1353 1625 1386 1688 in

268 1720 379 1784 altera
407 1721 492 1794 vita,
522 1720 604 1782 dum
634 1720 772 1801 spiritus
801 1727 856 1782 est
886 1717 920 1780 in
950 1718 1079 1780 mundo
1107 1717 1285 1799 spirituali,
1317 1739 1385 1782 non

268 1817 401 1898 cogitat
417 1813 619 1878 naturaliter
633 1814 693 1876 sed
711 1812 943 1896 spiritualiter.
988 1811 1217 1894 Spiritualiter
1232 1813 1386 1894 cogitare

268 1919 321 1974 est
337 1907 615 1974 intellectualiter
627 1928 686 1972 seu
699 1906 926 1971 rationaliter.
971 1905 1057 1970 Inde
1071 1917 1136 1982 est,
1151 1907 1240 1990 quod
1255 1925 1385 1972 memo-

267 2006 316 2068 ria
334 2013 481 2068 externa
500 2023 560 2067 seu
584 2001 750 2066 naturalis
762 2003 876 2086 quoad
899 2001 958 2065 illa
976 2023 1062 2084 quae
1083 2001 1274 2065 materialia
1293 2013 1384 2079 sunt,

268 2109 349 2164 tunc
373 2101 539 2184 quiescat,
560 2107 597 2162 et
619 2099 724 2162 modo
746 2099 780 2160 in
804 2117 901 2160 usum
924 2098 1065 2161 veniant
1088 2117 1175 2180 quae
1198 2099 1303 2163 homo
1326 2119 1386 2182 per

267 2195 327 2258 illa
347 2195 382 2257 in
405 2195 534 2257 mundo
552 2193 678 2268 hausit,
699 2201 735 2256 et
757 2192 942 2256 rationalia
964 2192 1055 2256 iecit.
1101 2191 1202 2274 Quod
1222 2197 1386 2259 memoria

267 2299 413 2354 externa
440 2289 555 2372 quoad
586 2289 646 2351 illa
675 2307 763 2370 quae
792 2287 985 2351 materialia
1013 2297 1105 2359 sunt,
1135 2289 1300 2370 quiescat,
1331 2300 1385 2355 est

266 2403 380 2458 causa,
401 2387 480 2466 quia
502 2403 572 2447 non
588 2383 767 2466 reproduci
787 2393 953 2465 possunt;
977 2383 1161 2465 loquuntur
1178 2385 1269 2448 enim
1287 2387 1384 2467 spiri·

266 2489 322 2543 tus
340 2489 376 2544 et
396 2478 511 2560 angeli
529 2499 575 2542 ex
594 2477 829 2543 affedlionibus
852 2488 888 2542 et
911 2479 990 2542 inde
1009 2479 1279 2560 cogitationibus
1298 2501 1384 2564 quae

266 2577 392 2640 mentis
404 2593 521 2638 eorum
535 2583 635 2652 sunt;
659 2583 867 2657 quapropter
882 2594 923 2637 ea
938 2593 1024 2656 quae
1040 2593 1109 2636 non
1122 2575 1291 2657 quadrant
1307 2595 1383 2642 cum

265 2672 343 2744 illis,
361 2689 430 2734 non
446 2669 560 2752 eloqui
576 2679 732 2752 possunt,
746 2679 784 2733 ut
800 2679 962 2733 constare
978 2679 1097 2753 potest
1113 2691 1158 2736 ex
1174 2671 1225 2747 iis,
1239 2693 1325 2756 quae
1340 2675 1384 2738 de

266 2765 401 2849 loquela
414 2765 622 2846 angelorum
641 2765 675 2827 in
694 2764 802 2840 caelo,
823 2775 859 2828 et
878 2765 921 2828 de
940 2765 1077 2849 loquela
1092 2785 1208 2829 eorum
1225 2785 1302 2830 cum
1320 2767 1383 2832 ho·

265 2863 356 2924 mine
381 2859 428 2942 (n.
452 2857 627 2940 234-257),
651 2857 858 2924 dictasunt.
903 2859 989 2924 Inde
1011 2869 1078 2934 est,
1103 2859 1193 2944 quod
1217 2871 1383 2944 quantum

264 2959 371 3024 homo
388 2975 449 3040 per
467 2956 603 3038 linguas
626 2965 662 3021 et
686 2975 746 3040 per
764 2957 926 3021 scientias
944 2957 1123 3022 rationalis
1141 2956 1249 3022 iactus
1272 2969 1327 3024 est
1350 2961 1383 3024 in

265 3055 404 3128 mundo,
422 3062 558 3118 tantum
574 3051 750 3116 rationalis
769 3053 814 3117 sit
833 3062 913 3135 post
929 3063 1088 3126 mortem,
1105 3059 1142 3115 et
1161 3072 1297 3135 prorsus
1314 3074 1383 3118 non

265 3159 431 3230 quantum
454 3149 589 3228 linguas
612 3156 649 3211 et
672 3147 834 3211 scientias
858 3147 987 3211 calluit.
1031 3145 1185 3210 Locutus
1208 3167 1282 3212 sum
1305 3167 1383 3213 cum

265 3242 428 3324 pluribus,
448 3261 534 3326 quos
556 3243 590 3305 in
613 3243 743 3306 mundo
764 3243 982 3306 crediderunt
1005 3241 1076 3305 lore
1100 3243 1250 3306 eruditos
1273 3265 1318 3306 ex
1341 3265 1383 3308 eo

264 3339 355 3420 quod
374 3339 535 3402 noverint
558 3337 692 3419 linguas
709 3345 878 3412 vetustas,
899 3345 936 3401 ut
961 3336 1180 3412 Hebraicam,
1201 3337 1381 3413 Graecam,

264 3441 299 3496 et
323 3431 496 3508 Latinam,
517 3441 554 3496 et
576 3451 645 3496 non
668 3431 835 3495 rationale
859 3451 955 3496 suum
979 3451 1039 3513 per
1058 3431 1127 3506 illa,
1148 3453 1235 3515 quae
1258 3433 1292 3496 in
1316 3433 1382 3497 illis

263 3527 391 3610 scripta
409 3537 500 3602 sunt,
521 3525 771 3605 excoluerunt3
794 3535 830 3590 et
847 3527 909 3590 visl
928 3535 1008 3590 sunt
1026 3527 1165 3611 quidam
1185 3529 1233 3591 ita
1252 3527 1381 3612 simpli-

263 3643 321 3686 ces
343 3623 431 3686 sicut
455 3622 505 3685 illi
531 3623 587 3705 qui
610 3620 694 3684 nihil
724 3621 767 3685 de
797 3620 922 3704 linguis
951 3621 1018 3684 illis
1041 3631 1223 3698 noverunt,
1243 3623 1381 3708 quidam
1502 3637 1504 3642 ’

263 3717 400 3800 stupidi,
425 3717 486 3780 sed
514 3737 620 3799 usque
644 3717 772 3780 mansit
795 3717 884 3798 apud
913 3716 991 3780 illos
1014 3715 1132 3792 fastus,
1157 3718 1244 3782 sicut
1268 3718 1380 3784 lorent

262 3811 337 3876 aliis
356 3813 594 3893 sapientiores.
639 3811 793 3874 Locutus
816 3829 890 3874 sum
914 3811 1126 3894 quibusdam,
1147 3813 1203 3894 qui
1226 3815 1380 3878 credide·

262 3917 341 3970 runt
357 3907 390 3970 in
404 3907 543 3983 mundo,
556 3907 647 3989 quod
664 3906 768 3970 homo
784 3915 920 3970 tantum
934 3907 1056 3988 sapiat,
1071 3918 1235 3990 quantum
1248 3927 1380 3973 memo·

262 4003 310 4064 ria
329 4010 440 4078 tenet,
459 4011 494 4066 et
514 4003 571 4085 qui
589 4003 694 4064 etiam
713 4001 831 4065 multis
850 4000 1149 4084 locupletaverunt
1169 4005 1379 4081 memoriam,

262 4107 298 4160 et
321 4117 366 4161 ex
389 4097 450 4160 illa
471 4097 547 4160 sola
569 4115 679 4180 paene
702 4095 808 4161 locuti
827 4106 918 4173 sunt,
938 4097 987 4161 ita
1009 4117 1079 4160 non
1102 4117 1147 4162 ex
1177 4117 1215 4161 se
1244 4098 1305 4162 sed
1335 4121 1380 4164 ex

240 4192 348 4278 ¹aliis,
379 4201 415 4255 et
448 4191 532 4254 nihil
561 4192 730 4256 rationale
763 4211 824 4274 per
855 4211 910 4254 res
940 4193 1124 4256 memoriae
1154 4191 1380 4273 perfecerunt.

263 4288 411 4371 Quidam
435 4309 480 4352 ex
503 4287 571 4352 illis
593 4298 691 4352 erant
710 4289 849 4372 stupidi,
869 4289 1007 4372 quidam
1025 4289 1120 4364 latui,
1140 4309 1277 4372 prorsus
1296 4289 1380 4356 nihil

262 4385 599 4466 comprehendentes
618 4383 756 4468 aliquod
775 4403 903 4458 verum,
924 4403 1004 4446 num
1022 4403 1140 4447 verum
1160 4383 1205 4448 sit
1223 4383 1278 4448 vel
1298 4405 1378 4462 non,

262 4490 297 4544 et
320 4479 523 4560 arripientes
542 4478 656 4542 omnia
673 4475 769 4554 falsa,
789 4497 877 4561 quae
900 4495 961 4558 pro
983 4479 1073 4541 veris
1091 4479 1314 4544 venditantur
1336 4481 1380 4544 ab

261 4573 402 4657 illisqui
421 4593 458 4638 se
477 4574 630 4637 eruditos
647 4581 798 4650 vocant;
821 4571 905 4635 nihil
924 4571 1015 4635 enim
1033 4571 1149 4636 videre
1168 4581 1314 4656 possunt
1334 4595 1378 4639 ex

262 4689 311 4742 se,
332 4689 412 4732 num
431 4669 480 4733 ita
499 4668 544 4733 sit
564 4667 618 4732 vel
637 4687 706 4732 non
725 4669 784 4742 ita,
803 4665 947 4749 proinde
966 4665 1048 4730 nihil
1068 4667 1284 4733 rationaliter
1303 4689 1378 4733 cum
