3350 5366
305 619 368 688 330
627 621 680 673 ns
702 621 828 676 casso
850 624 899 676 ss
922 625 1104 680 rumano.

302 791 470 874 regultur
487 811 548 876 per
566 791 730 874 timores3
760 795 899 880 quidam
917 817 978 879 per
1001 799 1229 880 implantatos
1252 807 1288 864 et
1311 799 1422 865 adhuc

303 887 427 952 insitos
456 909 475 952 e
499 890 652 970 mundo;
682 891 744 956 sed
767 893 846 976 quia
868 891 903 956 hi
925 894 1069 958 timores
1092 913 1163 958 non
1185 893 1370 971 sufficiunt,
1389 906 1425 960 et

302 1002 436 1066 quoque
459 983 641 1066 paullatim
660 987 838 1062 recedunt,
858 997 1025 1070 reguntur
1045 1009 1107 1072 per
1129 990 1272 1054 timores
1296 991 1423 1072 poena·

301 1097 388 1156 rum,
419 1099 480 1162 per
509 1099 595 1163 quos
624 1082 790 1164 imprimis
819 1083 1038 1148 deterrentur
1070 1105 1091 1147 a
1120 1084 1220 1148 malis
1248 1083 1424 1150 faciendis.

302 1173 437 1239 Poenae
452 1175 500 1239 ibi
511 1186 591 1240 sunt
604 1177 824 1262 multiplices,
838 1177 985 1242 leniores
997 1187 1034 1243 et
1049 1180 1224 1261 graviores
1237 1182 1424 1245 secundum

302 1269 403 1334 mala.
446 1270 679 1354 Utplurimum
692 1271 934 1356 praeficiuntur
948 1273 1025 1337 aliis
1037 1274 1270 1358 maligniores,
1281 1276 1338 1358 qui
1353 1276 1424 1340 cal·

302 1365 438 1430 liditate
462 1375 499 1430 et
530 1367 658 1430 artibus
682 1367 897 1448 praevalent,
921 1379 957 1433 et
980 1369 1130 1453 reliquos
1152 1389 1212 1452 per
1234 1390 1366 1453 poenas
1388 1381 1424 1435 et

301 1460 381 1524 inde
400 1470 548 1526 terrores
571 1462 605 1524 in
624 1462 790 1545 obsequio
811 1473 848 1527 et
871 1463 1038 1528 servitute
1057 1475 1175 1528 tenere
1195 1475 1362 1546 possunt:
1389 1465 1424 1529 hi

301 1554 464 1638 praeledti
476 1577 546 1622 non
562 1557 652 1622 ultra
662 1557 790 1622 limites
802 1558 866 1622 sibi
882 1560 1113 1641 praescriptos
1125 1561 1274 1624 transire
1283 1561 1423 1627 audent.

302 1650 486 1716 Sciendum
509 1663 575 1728 est,
595 1654 688 1735 quod
711 1653 847 1717 unicum
866 1655 1017 1718 medium
1036 1655 1221 1718 coercendi
1240 1656 1424 1720 violentias

301 1757 337 1810 et
359 1746 488 1811 furores
507 1747 641 1810 illorum
665 1749 721 1831 qui
743 1749 778 1812 in
801 1749 940 1812 infernis
963 1759 1055 1824 sunt,
1075 1750 1120 1814 sit
1144 1751 1247 1814 timor
1266 1769 1421 1833 poenae3

301 1861 370 1906 non
389 1841 489 1906 datur
506 1843 599 1906 aliud
619 1843 779 1907 medium.

362 1953 464 2021 544·
494 1935 671 2002 Creditum
690 1949 744 2002 est
767 1939 832 2003 huc
852 1959 958 2022 usque
976 1939 1011 2002 in
1030 1941 1170 2016 mundo,
1190 1940 1282 2023 quod
1302 1941 1422 2023 aliquis

301 2032 468 2098 Diabolus
493 2034 539 2096 sit
560 2035 616 2116 qui
645 2033 786 2098 infernis
814 2044 963 2116 praeest,
987 2044 1023 2098 et
1046 2035 1137 2116 quod
1168 2035 1196 2098 is
1218 2043 1354 2100 creatus
1377 2037 1421 2099 sit

300 2129 385 2194 lucis
399 2130 555 2212 angelus,
572 2130 633 2193 sed
650 2138 833 2212 postquam
845 2129 984 2194 rebellis
998 2127 1108 2194 ladius
1124 2140 1190 2206 est,
1204 2131 1237 2194 in
1254 2129 1420 2194 infernum

300 2243 377 2288 cum
396 2245 458 2288 sua
477 2226 579 2288 turba
593 2221 747 2304 dejestus
766 2225 821 2288 sit.
867 2223 969 2305 Quod
988 2225 1038 2288 ita
1054 2225 1222 2290 creditum
1238 2225 1349 2300 suerit,
1365 2236 1421 2290 est

299 2321 378 2403 quia
395 2321 431 2383 in
450 2319 569 2384 Verbo
588 2320 786 2384 nominatur
803 2318 970 2384 Diabolus
989 2328 1026 2383 et
1045 2317 1205 2394 Satanas,
1225 2330 1262 2384 et
1285 2339 1421 2403 quoque

299 2413 445 2491 Lucifer,
464 2434 504 2478 ac
522 2414 675 2479 Verbum
694 2414 740 2478 ibi
759 2411 975 2480 intelledtum
992 2425 1048 2478 est
1072 2415 1259 2478 secundum
1283 2433 1420 2478 sensum

299 2511 458 2589 litterae;
492 2529 570 2574 cum
594 2520 712 2574 tamen
735 2530 796 2593 per
816 2515 836 2544 “
848 2509 1031 2574 Diabolum
1043 2509 1059 2536 ’'
1077 2520 1114 2574 et
1134 2505 1356 2574 “Satanam'·
1374 2509 1420 2574 ibi

298 2606 505 2688 intelligitur
526 2605 715 2684 infernum
746 2624 807 2687 per
827 2604 1065 2670 “Diabolum”
1083 2605 1117 2668 id
1141 2605 1309 2669 infernum
1327 2605 1419 2688 quod

297 2723 319 2765 a
341 2713 443 2783 tergo
466 2711 532 2778 est,
556 2711 592 2766 et
616 2702 672 2766 ubi
695 2701 845 2784 pessimi,
865 2701 923 2784 qui
945 2709 1115 2764 vocantur
1137 2699 1218 2764 mali
1236 2700 1353 2782 genii;
1384 2711 1419 2764 et

298 2819 359 2881 per
379 2797 600 2863 “satanam’'
618 2798 653 2861 id
682 2797 849 2862 infernum
863 2795 965 2880 ,quod
988 2797 1140 2861 anterius
1173 2804 1239 2872 est,
1264 2795 1320 2860 ubi
1349 2815 1418 2860 non

298 2907 370 2958 tam
389 2891 544 2974 maligni,
564 2903 601 2957 et
623 2902 793 2957 vocantur
815 2892 898 2956 mali
916 2891 1080 2974 spiritus;
1110 2900 1147 2956 et
1169 2911 1231 2973 per
1251 2889 1418 2957 “Lucisc-

297 3009 370 3054 rum
384 2988 399 3015 ”
417 2988 658 3070 intelliguntur
680 2988 730 3052 illi
752 2989 808 3070 qui
831 3009 850 3052 e
875 2985 1004 3054 Babele
1027 3008 1086 3051 seu
1110 2985 1302 3068 Babylonia
1325 2997 1416 3060 sunt,

297 3086 353 3168 qui
383 3093 463 3148 sunt
492 3085 548 3166 qui
579 3084 730 3147 dominia
758 3103 820 3146 sua
847 3083 1045 3146 extendunt
1076 3101 1182 3164 usque
1209 3081 1243 3144 in
1273 3079 1418 3144 caelum.

297 3177 401 3262 Quod
424 3197 493 3242 non
516 3178 637 3261 aliquis
658 3177 817 3242 diabolus
843 3179 888 3242 sit
918 3178 971 3242 cui
1001 3174 1155 3258 subjedta
1172 3185 1253 3240 sunt
1275 3173 1416 3249 inferna,

297 3283 396 3356 patet
411 3293 546 3357 quoque
561 3293 607 3336 ex
626 3291 680 3348 eo,
696 3273 789 3356 quod
801 3291 923 3336 omnes
939 3272 1048 3354 quiin
1066 3270 1205 3334 infernis
1220 3277 1313 3344 sunt,
1330 3269 1418 3334 sicut

297 3369 492 3452 omnesqui
515 3369 549 3433 in
573 3367 690 3442 caelis,
714 3387 760 3432 ex
783 3366 935 3432 humano
953 3385 1080 3448 genere
1099 3365 1168 3430 sint
1189 3364 1361 3447 (videatur
1382 3383 1415 3428 n.

298 3465 471 3547 311-317),
485 3474 522 3528 et
540 3463 633 3547 quod
649 3463 695 3526 ibi
707 3463 877 3544 myriades
893 3463 1086 3544 myriadum
1102 3481 1122 3524 a
1138 3459 1304 3543 principio
1319 3479 1416 3524 crea·

298 3560 460 3640 tionis-ad
478 3560 544 3623 hoc
561 3569 699 3640 tempus
716 3559 797 3635 sint,
813 3569 850 3623 et
865 3560 957 3641 quod
973 3557 1114 3639 quisque
1129 3575 1176 3620 ex
1191 3553 1259 3618 illis
1275 3553 1319 3618 sit
1336 3552 1416 3617 talis

298 3654 454 3720 diabolus
469 3655 578 3738 qualis
594 3655 629 3720 in
645 3655 774 3719 mundo
789 3653 898 3718 luerat
915 3663 1037 3719 contra
1050 3651 1222 3716 Divinum.
1269 3647 1415 3736 (Videa-

298 3763 352 3818 tur
370 3751 485 3816 dehis
503 3771 616 3835 supra,
634 3769 667 3815 n.
684 3765 756 3830 311,
775 3747 862 3834 312.)
