3350 5366
256 635 349 700 QUID
367 635 470 688 IGNIS
487 636 731 702 INFERNALIS,
750 634 798 690 ET
813 637 907 706 QUID
924 638 1089 696 STRIDOR
1107 645 1293 698 DENTIUM.
1315 640 1374 718 365

254 815 309 869 est
328 820 425 870 antor
440 821 543 889 opum
561 817 702 891 propter
717 807 810 874 solas
826 829 932 894 opes;
955 811 1037 877 talis
1053 831 1150 879 arnor
1167 825 1222 881 est
1241 818 1375 883 auaris:

254 909 292 964 et
310 902 358 965 sle
378 917 508 984 porros
538 902 633 967 Finis
653 914 796 987 propter
813 921 915 988 quent
933 919 1030 991 opes,
1049 919 1195 975 vocatur
1212 933 1313 992 usus;
1336 933 1375 978 ac

253 995 329 1060 linis
349 1007 414 1073 est,
434 1017 495 1061 seu
518 1017 609 1076 usus,
629 1017 650 1062 a
679 1019 748 1082 quo
774 1019 871 1066 arnor
890 1021 987 1066 suurn
1015 1005 1116 1088 quale
1134 1007 1260 1086 habet;
1296 1027 1374 1072 narn

253 1088 334 1156 talis
352 1101 406 1155 est
425 1108 531 1168 arnor,
551 1093 661 1176 qualis
679 1103 734 1159 est
752 1093 828 1159 finis
846 1105 988 1180 propter
1005 1117 1118 1184 quern,
1138 1100 1266 1185 reliqua
1285 1104 1375 1166 enim

253 1187 283 1250 ei
303 1187 459 1252 serviunt
477 1196 515 1252 ut
534 1188 657 1254 media.

634 1444 998 1464 m

749 1670 876 1756 [nix]

253 1849 356 1935 Qum
386 1852 493 1918 Ionis
514 1865 762 1932 munnulus,
786 1869 835 1920 ιτ
865 1861 960 1935 Qum
984 1855 1158 1924 &rimor
1183 1867 1370 1924 usnrruu.

314 2041 419 2124 566·
449 2037 540 2120 Quid
560 2041 649 2122 ignis
666 2051 840 2132 aeternus,
861 2059 901 2106 ac
924 2043 1053 2107 stridor
1070 2043 1237 2119 dentium,
1257 2046 1315 2128 qui
1338 2047 1372 2109 in

251 2133 370 2198 Verbo
388 2133 549 2200 dicuntur
566 2136 610 2198 de
628 2133 696 2200 illis
715 2139 771 2219 qui
790 2138 823 2200 in
842 2137 973 2201 inlerno
992 2147 1085 2214 sunt,
1104 2140 1164 2202 vix
1182 2139 1242 2202 ulli
1261 2140 1373 2204 adhuc

251 2239 371 2292 notum
394 2238 471 2307 est;
504 2249 551 2292 ex
574 2249 689 2306 causa,
713 2233 792 2314 quia
815 2233 860 2296 de
881 2229 949 2296 illis
971 2249 1059 2315 quae
1081 2233 1115 2297 in
1139 2233 1258 2297 Verbo
1280 2243 1372 2310 sunt,

251 2325 476 2390 materialiter
496 2328 750 2408 cogitaverunt,
770 2343 839 2391 non
859 2329 1010 2392 scientes
1029 2327 1100 2409 eius
1119 2347 1256 2392 sensum
1276 2330 1374 2412 spiri·

251 2419 401 2484 tualern:
432 2433 643 2504 quapropter
674 2441 735 2505 per
759 2423 930 2504 “ignem'’
953 2422 1206 2488 intellexerunt
1235 2425 1373 2506 quidam

250 2515 367 2597 ignem
391 2516 618 2591 materialem,
641 2518 780 2600 quidam
804 2519 839 2580 in
862 2537 990 2599 genere
1013 2519 1215 2592 cruciatum,
1235 2519 1374 2600 quidam

250 2612 485 2676 conscientiae
505 2631 667 2688 morsum,
687 2613 827 2695 quidam
846 2611 950 2676 modo
968 2614 1019 2676 ita
1036 2611 1165 2678 dilium
1184 2613 1228 2676 ad
1248 2614 1373 2676 incuti-

250 2707 377 2770 endum
393 2717 560 2771 terrorem
583 2725 644 2788 pro
664 2707 782 2770 malls:
814 2727 854 2770 ac
870 2725 938 2789 per
958 2709 1174 2772 “stridorem
1194 2708 1350 2771 dentium
1359 2707 1374 2732 '’

249 2802 498 2866 intellexerunt
511 2803 649 2886 quidam
662 2801 769 2866 talem
780 2803 975 2878 stridorem,
986 2803 1125 2885 quidam
1137 2803 1242 2866 modo
1253 2801 1372 2866 horro-

250 2916 334 2973 rem,
354 2897 465 2980 qualis
491 2908 545 2961 est
575 2917 653 2961 cum
681 2897 761 2961 talis
778 2897 911 2961 collisio
935 2899 1092 2961 dentium
1111 2899 1259 2960 auditur.
1304 2897 1374 2962 Sed

250 2993 306 3075 qui
329 2993 542 3074 spiritualem
566 3011 706 3056 sensum
730 2991 839 3056 Verbi
862 2993 970 3066 novit,
990 2993 1018 3054 is
1041 2994 1127 3056 scire
1150 3003 1268 3074 potest
1292 2994 1372 3076 quid

252 3089 371 3170 “ignis
389 3087 581 3162 aeternus‚'’
600 3098 637 3152 et
656 3087 736 3170 quid
757 3088 915 3151 “stridor
933 3088 1089 3152 dentium
1104 3087 1131 3165 ;”
1154 3105 1234 3151 narn
1254 3089 1371 3164 cuivis,

250 3187 339 3261 voci,
360 3195 397 3250 et
420 3185 527 3249 cuivis
549 3203 674 3248 vocum
697 3186 812 3248 sensui
835 3185 869 3248 in
893 3183 1023 3260 Verbo,
1044 3185 1231 3266 spiritualis
1254 3205 1374 3249 sensus

249 3281 351 3356 inest,
372 3281 533 3363 quoniam
553 3277 707 3342 Verbum
730 3281 764 3342 in
787 3299 850 3342 suo
868 3280 943 3342 sinu
962 3289 1016 3343 est
1036 3279 1223 3362 spirituale,
1243 3299 1283 3342 ac
1303 3281 1373 3360 spi·

250 3375 373 3440 rituale
393 3393 508 3438 coram
528 3373 667 3438 homine
691 3393 761 3437 non
784 3383 903 3456 potest
927 3373 1028 3438 aliter
1046 3391 1149 3456 quam
1168 3373 1374 3439 naturaliter

249 3471 407 3553 exprimi,
427 3471 506 3553 quia
533 3469 639 3533 homo
668 3471 702 3532 in
733 3470 881 3534 naturali
905 3471 1034 3533 mundo
1063 3479 1127 3542 est,
1151 3475 1187 3533 et
1217 3489 1262 3532 ex
1293 3469 1372 3546 illis,

249 3581 336 3648 quae
355 3565 411 3640 ibi,
429 3566 575 3647 cogitat.
620 3563 711 3646 Quid
729 3565 846 3648 itaque
864 3566 983 3646 “ignis
1001 3563 1192 3639 aeternus‚”
1207 3573 1243 3628 et
1264 3565 1370 3627 “stri-

249 3662 313 3724 dor
335 3659 522 3737 dentium,”
541 3662 574 3723 in
598 3677 684 3742 quos
707 3660 867 3724 homines
890 3659 970 3723 mali
992 3660 1106 3742 quoad
1130 3677 1210 3722 suos
1233 3659 1373 3740 spiritus

249 3765 329 3838 post
353 3767 501 3820 mortem
523 3757 677 3829 veniunt,
702 3774 762 3820 seu
785 3773 871 3839 quos
893 3775 1011 3818 eorum
1034 3755 1184 3838 spiritus,
1209 3756 1266 3836 qui
1289 3763 1372 3817 tunc

249 3853 284 3914 in
306 3851 476 3934 spirituali
499 3853 628 3918 mundo
650 3861 742 3928 sunt,
766 3852 955 3935 patiuntur,
977 3851 1014 3914 in
1035 3867 1125 3913 nunc
1149 3848 1374 3931 sequentibus

249 3946 394 4011 ffloemr

312 4041 412 4124 ³⁶7·
435 4041 522 4106 Sunt
541 4043 642 4107 binae
661 4041 812 4124 origines
829 4040 1078 4116 calorisr—una
1100 4060 1145 4103 ex
1168 4035 1250 4102 Sole
1271 4037 1372 4113 caeli,

249 4139 305 4220 qui
329 4147 383 4202 est
403 4137 583 4214 Dominus
604 4148 639 4202 et
658 4138 770 4201 altera
793 4157 838 4200 ex
862 4136 936 4200 sole
955 4134 1082 4198 mundi.
1128 4133 1229 4198 Calor
1249 4133 1305 4216 qui
1327 4153 1373 4196 ex

249 4231 330 4298 Sole
341 4234 427 4298 caeli
441 4255 502 4298 seu
515 4233 675 4308 Domino,
687 4242 741 4297 est
752 4232 848 4298 calor
859 4231 1055 4316 spiritualis,
1067 4229 1123 4312 qui
1135 4230 1168 4292 in
1181 4250 1242 4292 sua
1254 4247 1372 4294 essen·

249 4331 297 4392 tia
320 4339 375 4393 est
393 4349 490 4394 antor
515 4327 688 4412 (videatur
710 4347 823 4411 supra,
844 4347 876 4390 n.
905 4323 1086 4408 126-140);
1110 4321 1204 4389 calor
1222 4343 1304 4388 vero
1326 4345 1373 4388 ex

248 4424 321 4489 sole
337 4425 466 4500 mundi,
486 4431 539 4488 est
557 4423 652 4488 calor
668 4423 844 4498 naturalis,
862 4423 918 4504 qui
937 4422 971 4483 in
988 4437 1047 4484 sua
1064 4417 1216 4482 essentia
1233 4437 1301 4482 non
1318 4429 1372 4482 est

248 4539 354 4596 amor,
375 4519 438 4584 sed
457 4521 598 4584 inservit
618 4517 722 4583 calori
741 4515 909 4601 spirituali
927 4535 988 4580 seu
1007 4514 1114 4578 amori
1134 4531 1196 4596 pro
1215 4521 1373 4596 recepta-

248 4616 338 4680 culo.
383 4613 486 4697 Quod
510 4635 606 4679 amor
625 4615 658 4678 in
678 4635 740 4677 sua
757 4612 909 4676 essentia
927 4612 973 4674 sit
992 4609 1097 4684 calor,
1115 4619 1275 4674 constare
1295 4619 1372 4692 pot-
