3368 5356
301 630 345 694 66
630 642 681 692 na
700 639 828 692 clauo
847 641 895 692 ar
914 640 1097 693 mesano,

302 813 458 878 volatilia
469 812 556 878 caeli
573 833 653 876 suos
665 813 772 888 cibos,
786 813 907 897 quibus
919 813 1125 888 nutriantur,
1139 831 1208 876 non
1224 811 1335 878 solum
1348 815 1420 898 qui·

303 928 382 972 nam
401 917 491 984 sunt,
512 908 574 972 sed
596 909 699 972 etiam
728 908 887 986 ubinam:
918 907 1031 972 sciunt
1051 907 1199 976 condere
1222 908 1287 972 sibi
1309 911 1420 984 nidos,

302 1021 406 1066 unum
424 1021 533 1084 genus
551 1003 654 1066 aliter
671 1021 774 1085 quam
793 1001 951 1076 alterum,
966 1021 1093 1083 ponere
1109 1001 1155 1064 ibi
1171 1021 1247 1078 ova,
1261 1003 1421 1068 incubare

301 1096 379 1173 illis,
398 1097 583 1160 excludere
602 1117 682 1160 suos
701 1097 825 1179 pullos,
845 1106 881 1160 et
902 1095 1006 1171 alere,
1020 1115 1059 1159 ac
1079 1095 1201 1177 ejicere
1220 1094 1326 1162 domo
1344 1119 1420 1162 curn

302 1191 352 1252 sui
367 1189 449 1272 juris
468 1211 544 1254 esse
561 1201 706 1274 possunt
721 1212 729 1269 ;
752 1193 864 1256 sciunt
883 1191 990 1256 etiam
1003 1211 1083 1254 suos
1096 1191 1217 1254 hostes
1233 1212 1320 1274 quos
1334 1193 1419 1274 sugi-

302 1292 373 1360 ant,
393 1294 429 1348 et
448 1305 528 1349 suos
545 1286 675 1349 amicos
693 1285 814 1368 quibus
834 1287 1088 1360 consocientur,
1108 1295 1144 1350 et
1161 1285 1247 1350 haec
1270 1307 1298 1369 a
1313 1287 1421 1368 prima

301 1378 464 1444 infantia:
490 1389 528 1444 ut
547 1390 682 1444 taceam
702 1379 871 1444 mirabilia
888 1381 923 1443 in
942 1381 1024 1462 ipsis
1043 1381 1128 1458 ovis,
1149 1381 1207 1446 ubi
1226 1383 1343 1450 omnia
1360 1403 1421 1464 pro

302 1472 509 1538 formatione
528 1485 564 1538 et
583 1475 772 1538 nutritione
791 1474 988 1538 inchoantis
1007 1475 1091 1556 pulli
1109 1485 1231 1557 parata
1244 1475 1364 1558 jacent
1387 1477 1420 1540 in

302 1589 364 1631 suo
377 1569 514 1634 ordine:
535 1569 936 1652 praeterinnumerabilia
946 1569 1023 1632 alia.
1065 1567 1149 1651 Quis
1159 1588 1302 1654 usquam
1311 1566 1419 1634 dietu-

302 1683 357 1724 rus
372 1674 437 1738 est,
454 1664 511 1745 qui
530 1684 575 1726 ex
594 1662 709 1747 aliqua
723 1664 866 1728 rationis
883 1665 1053 1745 sapientia
1068 1665 1213 1745 cogitat,
1227 1665 1318 1746 quod
1335 1663 1419 1728 haec

301 1756 440 1821 aliunde
458 1759 527 1821 sint
547 1777 649 1840 quam
668 1778 714 1820 ex
736 1757 905 1839 spirituali
924 1759 1064 1832 mundo,
1085 1759 1138 1820 cui
1157 1759 1299 1822 inservit
1322 1768 1421 1822 natu·

302 1850 382 1914 ralis
394 1872 456 1933 pro
472 1853 665 1916 amiciendo
680 1852 725 1926 id,
739 1852 831 1934 quod
848 1852 928 1916 inde
944 1862 1009 1928 est,
1023 1873 1177 1934 corpore,
1190 1873 1251 1916 seu
1266 1854 1421 1918 sistendo

302 1947 337 2008 in
353 1943 474 2010 effei'tu
492 1948 526 2011 id
545 1947 635 2030 quod
653 1947 829 2028 spirituale
846 1955 899 2012 est
918 1948 952 2010 in
971 1947 1097 2010 causa?
1142 1945 1244 2028 Quod
1260 1948 1422 2012 animalia

302 2041 445 2118 telluris,
466 2051 502 2106 et
525 2041 682 2106 volatilia
700 2041 799 2118 caeli,
820 2051 1004 2106 nascantur
1026 2043 1060 2106 in
1082 2061 1221 2106 omnem
1240 2042 1336 2108 illam
1354 2043 1420 2108 sci-

302 2137 443 2211 entiam,
467 2147 503 2200 et
534 2157 603 2200 non
633 2137 748 2213 homo,
768 2137 825 2219 qui
853 2147 971 2201 tamen
1002 2136 1069 2200 illis
1099 2138 1332 2220 praestantior
1354 2148 1419 2212 est,

303 2249 406 2294 causa
435 2241 500 2306 est,
524 2233 603 2315 quia
625 2231 786 2294 animalia
815 2233 849 2294 in
879 2233 997 2296 ordine
1020 2227 1112 2296 vitae
1136 2253 1217 2295 suae
1241 2240 1332 2308 sunt,
1357 2251 1420 2296 nec

302 2334 484 2408 potuerunt
501 2327 535 2390 id
553 2326 644 2408 quod
663 2327 697 2390 in
716 2326 781 2389 illis
801 2347 845 2390 ex
866 2326 1034 2408 spirituali
1053 2327 1181 2389 mundo
1199 2334 1263 2402 est,
1283 2325 1420 2390 destru-

303 2440 370 2494 ere,
385 2421 544 2502 quoniam
560 2420 627 2482 illis
644 2440 713 2482 non
729 2419 917 2484 rationale:
942 2421 1043 2483 aliter
1058 2419 1172 2496 homo,
1191 2421 1246 2503 qui
1262 2439 1308 2482 ex
1324 2421 1420 2502 spiri·

303 2515 387 2578 tuali
399 2516 527 2578 mundo
540 2516 673 2596 cogitat
686 2535 694 2591 ;
718 2515 746 2577 is
761 2516 840 2596 quia
855 2514 889 2577 id
905 2515 994 2596 apud
1011 2535 1048 2577 se
1062 2516 1226 2596 pervertit
1240 2534 1301 2598 per
1312 2516 1420 2578 vitam

302 2619 424 2672 contra
451 2609 616 2683 ordinem,
641 2609 694 2672 cui
721 2608 814 2673 favet
841 2608 1022 2683 rationale,
1041 2610 1120 2672 ideo
1147 2609 1175 2672 is
1206 2628 1274 2673 non
1303 2618 1420 2692 potest

302 2703 403 2767 aliter
415 2721 517 2786 quam
533 2705 566 2765 in
583 2721 712 2766 meram
725 2704 957 2784 ignorantiam
970 2703 1074 2780 nasci,
1088 2711 1124 2766 et
1141 2703 1220 2766 dein
1233 2723 1293 2786 per
1309 2704 1422 2768 media

303 2797 427 2860 Divina
445 2799 479 2860 in
498 2797 652 2861 ordinem
672 2796 758 2860 caeli
777 2797 902 2860 reduci.

366 2905 467 2973 1⁰9.
498 2891 682 2973 Quomodo
701 2891 762 2954 illa
784 2912 871 2975 quae
895 2893 928 2955 in
960 2891 1148 2978 Vegetabrli
1167 2891 1283 2975 Regno
1305 2913 1418 2957 corre·

303 2987 487 3071 spondent,
508 2997 668 3050 constare
688 2995 806 3068 potest
825 3006 845 3049 a
863 2987 1001 3050 multis:
1033 2996 1071 3050 ut
1090 2988 1181 3070 quod
1201 2987 1369 3052 seminula
1386 2989 1421 3051 in

301 3083 441 3146 arbores
471 3089 639 3156 crescant,
670 3081 752 3144 lolia
780 3081 984 3158 excludant,
1014 3081 1115 3146 liores
1148 3083 1353 3164 producant,
1384 3092 1421 3146 et

302 3179 380 3241 dein
407 3174 543 3252 fruitus,
563 3177 597 3240 in
624 3177 745 3259 quibus
771 3177 896 3241 iterum
922 3177 1055 3240 semina
1081 3187 1235 3259 ponunt;
1266 3186 1303 3240 et
1328 3177 1421 3261 quod

302 3272 386 3336 haec
407 3270 490 3334 fiant
509 3273 702 3334 successive
721 3281 757 3334 et
776 3272 933 3336 existant
954 3271 1053 3334 simul
1073 3272 1107 3335 in
1126 3281 1199 3335 tarn
1218 3271 1421 3336 admirando

302 3367 432 3442 ordine,
462 3377 499 3432 ut
530 3387 599 3430 non
630 3368 740 3450 possit
767 3367 884 3450 paucis
911 3367 1078 3446 describi;
1108 3367 1283 3430 volumina
1311 3375 1419 3440 erunt,

301 3471 338 3526 et
357 3470 474 3525 tamen
494 3482 600 3544 usque
616 3463 779 3525 interiora
794 3480 930 3536 arcana,
948 3481 1035 3544 quae
1054 3461 1168 3524 usibus
1186 3461 1321 3524 illorum
1341 3480 1420 3542 pro·
1506 3527 1507 3530 ,

301 3558 396 3639 piora
416 3565 507 3632 sunt,
528 3577 597 3620 non
616 3556 788 3620 exhauriri
807 3557 952 3620 scientia
970 3565 1123 3640 possunt.
1169 3555 1340 3638 Quoniam
1361 3557 1420 3619 illa

301 3671 501 3758 quoqueNex
520 3650 687 3735 spirituali
703 3651 832 3716 mundo
851 3661 931 3715 sunt
950 3673 1010 3715 seu
1027 3652 1135 3728 caelo,
1149 3652 1241 3734 quod
1259 3653 1293 3714 in
1313 3651 1421 3714 forma

301 3745 448 3810 hominis
470 3756 536 3822 est,
561 3757 598 3810 ut
622 3765 724 3828 supra
745 3747 779 3809 in
803 3767 865 3810 suo
888 3747 1034 3810 articulo
1057 3756 1235 3810 ostensum
1258 3754 1321 3822 est,
1342 3747 1421 3809 inde

302 3841 408 3906 etiam
432 3841 567 3924 singula
589 3842 624 3904 in
646 3841 708 3906 illo
730 3861 850 3922 regno,
870 3843 1042 3924 quandam
1061 3841 1266 3905 relationem
1289 3840 1421 3904 habent

301 3935 345 3999 ad
373 3936 458 4001 talia
478 3957 565 4019 quae
584 3937 674 4018 apud
702 3935 895 4014 hominem;
922 3936 1014 4018 quod
1037 3937 1142 3999 etiam
1161 3935 1363 4018 quibusdam
1386 3936 1421 3998 in

301 4029 383 4094 orbe
402 4033 538 4098 erudito
558 4041 680 4094 notum
699 4039 764 4094 est.
810 4028 912 4113 Quod
932 4031 1047 4094 omnia
1065 4050 1151 4113 quae
1173 4031 1209 4092 in
1231 4028 1292 4094 illo
1310 4049 1421 4112 regno

300 4126 405 4190 etiam
422 4125 748 4210 correspondentiae
765 4125 844 4200 sint,
863 4125 975 4207 patuit
992 4124 1073 4188 mihi
1093 4145 1138 4187 ex
1158 4123 1268 4189 multa
1283 4123 1420 4206 experi-

300 4221 414 4284 entia:
439 4221 576 4302 saepius
593 4221 683 4283 enim
700 4239 777 4284 cum
796 4219 831 4282 in
849 4219 959 4282 hortis
975 4217 1030 4294 fui,
1047 4228 1083 4282 et
1101 4219 1146 4282 ibi
1165 4219 1301 4302 inspexi
1318 4218 1420 4282 arbo·

301 4335 365 4391 res,
386 4303 523 4391 fruitus,
544 4315 644 4379 flores
663 4324 699 4379 et
718 4313 902 4396 legumina,
922 4313 1245 4396 correspondentiae
1264 4313 1420 4377 animad-

300 4410 388 4474 verti
403 4411 438 4474 in
454 4409 563 4485 caelo,
581 4417 618 4472 et
637 4407 772 4472 locutus
789 4427 863 4475 sum
879 4427 956 4473 curn
973 4407 1040 4472 illis
1056 4407 1146 4489 apud
1159 4427 1244 4491 quos
1259 4415 1369 4483 erant,
1383 4416 1420 4470 et

220 4539 223 4544 ·
300 4501 487 4569 instructus
506 4503 679 4567 undenam
698 4511 808 4579 erant,
829 4513 865 4567 et
884 4502 1003 4586 quales
1021 4512 1130 4568 erant.

363 4612 458 4664 11⁰·
487 4596 557 4664 Sed
575 4598 663 4664 scire
681 4598 873 4682 spiritualia
890 4619 978 4684 quae
995 4599 1030 4664 in
1048 4597 1159 4677 caelo,
1178 4597 1299 4700 quibus
1317 4608 1421 4664 natu-
