3408 5358
330 675 390 756 198
648 683 700 736 ua
718 683 844 736 cauto
868 683 916 732 ur
939 681 1120 732 1111111110.

389 873 483 944 327.
512 856 666 921 Locutus
689 873 763 919 sum
793 873 871 918 cum
900 852 1114 937 quibusdam,
1138 853 1195 936 qui
1223 853 1258 917 in
1285 851 1445 919 Ecclesia

326 952 484 1036 Antiqua
516 951 660 1024 suerunt,
694 947 868 1032 (Ecclesia
901 947 1057 1030 Antiqua
1089 947 1223 1024 dicitur,
1259 968 1346 1031 quae
1380 949 1443 1013 suit

326 1055 407 1130 post
429 1045 603 1119 diluvium,
622 1052 703 1106 tunc
727 1061 788 1126 per
809 1042 907 1126 plura
928 1058 1037 1124 regna
1058 1051 1217 1117 extensa,
1238 1063 1361 1125 nempe
1385 1065 1445 1126 per

327 1141 517 1223 Assyriam,
536 1139 836 1220 Mesopotamiam,
854 1135 999 1218 Syriam,
1015 1136 1251 1219 Aethiopiam,
1265 1137 1442 1212 Arabiam,

326 1233 482 1317 Libyam,
495 1233 708 1316 Aegyptum,
721 1231 965 1295 Philisthaeam
978 1251 1083 1315 usque
1093 1233 1136 1294 ad
1147 1231 1276 1312 Tyrum
1290 1242 1326 1296 et
1340 1232 1443 1296 Zido·

326 1349 416 1406 nem,
428 1349 488 1412 per
497 1339 626 1392 terram
638 1325 835 1391 Canaanem
848 1329 896 1390 cis
909 1337 945 1391 et
957 1335 1052 1389 trans
1062 1323 1325 1408 jordanemltn)
1339 1337 1375 1390 et
1388 1327 1444 1409 qui

326 1433 408 1488 tunc
428 1431 598 1486 noverunt
616 1421 660 1485 de
680 1421 829 1484 Domino
844 1421 936 1504 quod
954 1429 1128 1494 venturus,
1145 1439 1185 1483 ac
1204 1420 1326 1484 imbuti
1344 1421 1443 1484 bonis

326 1517 415 1594 fidei,
440 1527 477 1581 at
509 1537 614 1599 usque
637 1515 867 1591 desciverunt,
892 1527 927 1579 et
957 1513 1036 1579 iacti
1062 1513 1277 1578 idololatrae.
1333 1513 1443 1578 Erant

326 1623 521 1676 antrorsum
536 1631 654 1675 versus
666 1611 852 1685 sinistrum,
866 1610 899 1672 in
913 1610 991 1674 loco
1004 1610 1232 1684 tenebricoso,
1247 1620 1282 1672 et
1298 1611 1332 1672 in
1347 1619 1443 1673 statu

327 1707 521 1770 miserabili.
566 1704 720 1788 Loquela
743 1725 860 1770 eorum
883 1707 945 1770 suit
968 1707 1057 1769 sicut
1076 1705 1214 1782 tibialis,
1234 1706 1333 1768 unius
1356 1707 1442 1780 toni,

327 1821 435 1884 paene
466 1801 594 1884 absque
617 1798 839 1882 cogitationis
861 1799 1028 1864 rationali.
1073 1800 1246 1864 Dicebant
1276 1799 1366 1883 quod
1398 1800 1443 1864 ibi

326 1896 450 1960 luerint
466 1915 526 1978 per
541 1895 638 1977 plura
653 1893 803 1970 saecula,
817 1903 854 1958 et
869 1893 960 1978 quod
976 1894 1055 1957 inde
1067 1895 1272 1978 quandoque
1285 1896 1442 1957 eximan-

326 2002 391 2066 tur,
409 2001 446 2054 ut
465 1990 653 2054 inserviant
672 1989 746 2054 aliis
766 2009 828 2071 pro
846 1989 1015 2072 aliquibus
1031 1989 1156 2064 usibus,
1174 1991 1230 2072 qui
1249 1989 1335 2052 viles
1351 1999 1441 2053 sunt,

326 2085 383 2150 Ex
411 2085 479 2149 illis
506 2086 661 2166 cogitare
679 2084 799 2146 datum
827 2093 881 2146 est
910 2083 954 2147 de
981 2082 1133 2166 pluribus
1152 2082 1366 2160 Christianis,
1386 2085 1442 2166 qui

326 2201 395 2244 non
415 2185 568 2244 exterius
583 2177 789 2242 idololatrae
804 2187 896 2252 sunt,
913 2178 974 2240 sed
993 2177 1147 2252 interius,
1164 2187 1244 2241 sunt
1263 2180 1354 2242 enim
1371 2179 1442 2242 cul·

325 2285 419 2339 tores
434 2275 485 2338 sui
504 2283 540 2337 et
559 2273 687 2349 mundi,
704 2293 745 2337 ac
762 2273 866 2336 corde
882 2281 1012 2355 negant
1027 2272 1224 2348 Dominum,
1242 2271 1352 2356 qualis
1370 2293 1443 2337 sors

325 2369 404 2434 illos
422 2371 456 2433 111
475 2368 585 2433 altera
602 2369 675 2432 vita
693 2376 843 2431 maneat.

388 2463 486 2548 328·
510 2460 612 2543 Quod
627 2461 772 2525 ecclesia
785 2461 924 2524 Domini
939 2461 984 2526 sit
997 2481 1058 2546 per
1069 2462 1262 2525 universum
1276 2471 1442 2526 terrarum

324 2559 443 2623 orbem
460 2553 588 2639 sparsa,
602 2557 652 2619 ita
664 2555 874 2630 universalis,
888 2567 924 2619 et
937 2556 1028 2638 quod
1044 2557 1078 2618 in
1093 2555 1155 2619 illa
1170 2557 1238 2619 sint
1255 2560 1443 2641 omnesqui

325 2655 359 2717 in
379 2653 471 2716 bono
486 2651 667 2716 charitatis
683 2649 870 2713 secundum
886 2649 1086 2732 religiosum
1103 2670 1200 2714 suum
1216 2651 1388 2728 vixerunt,
1406 2663 1442 2716 et

325 2748 418 2831 quod
433 2746 590 2820 ecclesia,
608 2746 664 2808 ubi
676 2743 830 2808 Verbum
847 2753 882 2808 et
900 2745 1009 2826 perid
1026 2743 1194 2808 Dominus
1207 2755 1320 2820 notus,
1335 2747 1380 2809 sit
1399 2748 1442 2810 ad

325 2843 404 2908 illos
420 2843 476 2924 qui
492 2850 595 2904 extra
610 2839 804 2916 ecclesiam,
822 2841 909 2902 sicut
926 2859 986 2903 cor
1001 2848 1037 2904 et
1054 2839 1170 2923 pulmo
1186 2841 1220 2903 in
1236 2839 1386 2917 homine,
1397 2864 1442 2906 ex

325 2937 445 3020 quibus
464 2937 579 2998 omnia
596 2935 728 2997 viscera
745 2943 781 2996 et
801 2935 955 2997 membra
973 2935 1125 3018 corporis
1143 2937 1236 2998 varie
1255 2937 1442 3000 secundum

324 3025 1263 3114 formas,situsetconjunStiones,vivunt,supra(n.308)
1275 3031 1441 3094 videatur.

716 3225 763 3280 ll!
775 3235 872 3270 mm
883 3227 1055 3280 ΜΗ

378 3315 451 3384 (pp)
477 3311 568 3384 Quod
583 3311 683 3370 Prima
694 3323 726 3368 et
739 3313 958 3384 Antiquissima
969 3313 1102 3369 Eoclesla
1117 3313 1146 3369 111
1160 3314 1216 3369 hac
1228 3315 1334 3372 tellure
1345 3313 1442 3378 luerit.

324 3401 402 3510 quae
420 3384 599 3438 describitur
622 3384 653 3437 in
672 3384 775 3454 primis
787 3385 935 3454 capitibus
952 3385 1083 3440 Genesaos
1100 3395 1131 3440 et
1150 3386 1231 3456 quod
1251 3385 1302 3439 illa
1316 3388 1443 3442 ecclesia

338 3457 415 3511 uerit
426 3455 572 3511 caelestis.
586 3453 722 3508 omnium
735 3457 896 3526 praecipua
908 3458 948 3524 (n.
961 3455 1022 3522 607.
1036 3455 1096 3525 895,
1110 3471 1170 3525 920,
1187 3470 1350 3524 1121-1124,
1364 3455 1441 3526 2896,

324 3541 378 3598 449
397 3568 404 3588 ,
418 3525 495 3593 8891,
504 3539 584 3608 9941,
598 3527 704 3607 19545).

408 3597 490 3650 uales
503 3595 628 3650 illisum
643 3611 672 3648 111
685 3596 771 3651 caelo
783 3597 825 3664 (u.
840 3595 1019 3664 ¹¹¹4·¹¹25)·

409 3667 467 3720 uod
478 3666 578 3720 variae
586 3667 730 3750 ecclesiae
741 3677 809 3738 post
818 3666 965 3720 diluvium
976 3666 1095 3728 tuerint,
1105 3682 1183 3738 quae
1194 3667 1344 3723 Ecclesiae
1353 3669 1441 3724 Anti·

325 3755 403 3811 quae
408 3737 623 3862 yqqqqqqquqq
631 3739 1245 3879 qqqqptqeqnhqttai{uqreaqpcrcqpppareopgygwp
1258 3807 1331 3876 6071.
1345 3807 1418 3878 895).

408 3878 467 3932 uod
490 3875 641 4017 ffilesrae
656 3879 809 3950 Antiquae
825 3879 937 3934 tuerint
951 3878 1095 3934 ecclesiae
1111 3879 1381 3949 repraesentativus
1400 3881 1413 3948 (
1435 3917 1441 3934 .

346 3965 356 4004 1
417 3962 488 4010 aaa
556 3989 562 4003 .

328 3961 342 4021 ς
360 3961 473 4102 ⁹'quod
484 4019 563 4088 apud
577 4019 651 4073 Anti
674 4035 743 4074 uam
758 4017 922 4075 Ecclesiam
930 4019 1020 4075 luerit
1032 4019 1172 4084 Verbum,
1185 4021 1239 4074 sed
1251 4019 1333 4092 quod
1346 4019 1376 4074 id
1390 4019 1442 4074 de·

326 4089 477 4162 perditum
490 4089 531 4143 sit
543 4091 585 4158 (11.
598 4036 689 4158 289ll.

378 4158 484 4284 gualis
492 4160 627 4230 Antiqua
642 4158 774 4215 Ecclesia
786 4173 855 4216 cum
868 4159 969 4228 coepit
981 4161 1133 4216 declinare
1146 4161 1187 4228 (n.
1200 4161 1288 4228 1128).

409 4231 547 4286 iscrimen
563 4231 641 4285 inter
656 4231 905 4302 Antiquissimum
922 4231 1084 4288 Ecclesiam
1100 4241 1131 4286 et
1146 4231 1311 4302 Antiquam
1328 4233 1369 4301 (n.
1384 4243 1442 4301 597,

321 4299 857 4386 mmmmfflmml
1195 4371 1201 4386 ,
1351 4371 1357 4386 ,

377 4369 467 4442 Quod
484 4381 606 4432 statuta.
622 4371 740 4445 Judtcla,
756 4371 846 4443 leges,
858 4387 934 4442 quae
950 4371 1092 4426 mandata
1104 4381 1174 4426 sunt
1195 4388 1224 4424 111
1245 4370 1377 4426 Ecclesia
1391 4371 1443 4443 Ju-

324 4442 417 4504 daica.
433 4440 544 4497 luerint
584 4443 663 4498 uoad
683 4452 798 4513 partem
816 4442 925 4497 similia
944 4442 1001 4498 illis
1019 4457 1096 4513 quae
1111 4441 1232 4498 luerunt
1256 4442 1286 4496 in
1309 4442 1443 4512 Antiqua

326 4511 460 4568 Ecclesia
474 4516 513 4580 (11.
526 4460 607 4578 4238,
619 4527 698 4582 4449,
715 4515 821 4581 1ο149).

377 4581 468 4666 Quod
486 4581 633 4639 Dominus
648 4583 739 4638 tuerit
759 4583 841 4639 Deus
854 4583 1091 4654 Antiquissimae
1106 4581 1263 4644 Ecclesiae.
1276 4591 1308 4638 ct
1322 4597 1442 4655 quoque

323 4651 485 4725 Antrquae.
497 4663 529 4708 et
541 4655 622 4726 quod
635 4665 761 4711 vocatus
773 4653 910 4728 Jehovuh
925 4657 965 4722 (11.
981 4667 1056 4723 1343.
1069 4653 1161 4720 68461.
