3382 5358
428 650 478 700 DE
503 647 682 714 LOQUELA
704 645 946 698 ANGELORUM
965 645 1046 698 CUM
1070 645 1234 696 HOMINE.
1335 648 1394 714 139

335 835 433 906 244.
464 821 619 905 Loquela
634 830 688 886 est
706 839 774 886 una
788 819 946 884 omnibus
964 819 998 882 in
1018 817 1126 894 caelo,
1144 827 1181 882 ut
1201 837 1302 898 supra
1320 817 1392 882 dic·

272 925 346 984 tum
364 927 438 997 est;
466 917 527 981 sed
546 916 605 980 illa
622 917 774 980 variatur
792 917 826 980 in
849 935 902 991 eo,
923 915 1014 997 quod
1034 912 1170 996 loquela
1188 913 1393 995 sapientium

270 1013 413 1078 interior
435 1013 490 1088 sit,
512 1033 551 1076 ac
577 1011 710 1094 plenior
731 1008 948 1075 affectionum
971 1009 1216 1074 variationibus
1238 1019 1274 1072 et
1297 1009 1392 1090 cogi-

270 1110 440 1172 tationum
459 1110 563 1185 ideis;
588 1107 725 1190 loquela
740 1108 850 1170 minus
866 1107 1071 1188 sapientium
1088 1106 1250 1180 exterior,
1268 1113 1304 1168 et
1323 1123 1392 1168 non

272 1223 349 1266 cum
369 1203 570 1286 impletione
593 1203 674 1282 tali,
706 1223 745 1266 ac
769 1201 906 1284 loquela
929 1201 1132 1282 simplicium
1156 1200 1266 1264 adhuc
1291 1209 1392 1262 exte·

270 1298 347 1372 rior,
367 1307 403 1362 et
422 1299 501 1360 inde
518 1299 712 1361 consistens
730 1317 776 1360 ex
795 1297 948 1370 vocibus,
966 1317 1011 1358 ex
1030 1294 1149 1378 quibus
1167 1313 1288 1356 sensus
1307 1292 1390 1356 hau·

272 1393 408 1456 riendus
432 1395 536 1458 modo
565 1413 634 1476 quo
662 1391 701 1456 lit
730 1411 807 1455 cum
826 1390 984 1455 homines
1011 1391 1101 1454 inter
1131 1410 1167 1452 se
1197 1389 1390 1471 loquuntur.

270 1487 335 1550 Est
354 1508 489 1570 quoque
507 1487 645 1571 loquela
661 1507 721 1569 per
736 1486 857 1550 faciem
874 1487 1034 1549 desinens
1050 1487 1083 1548 in
1102 1504 1263 1548 sonorum
1280 1484 1390 1547 modi·

269 1581 407 1647 ficatum
427 1576 486 1664 'per
508 1584 624 1646 ideas:
653 1592 706 1646 est
730 1601 863 1664 quoque
881 1581 1028 1664 loquela,
1047 1583 1081 1643 in
1103 1602 1170 1662 qua
1190 1599 1390 1660 repraesen-

269 1678 380 1740 tativa
395 1678 481 1742 caeli
497 1679 608 1742 mixta
625 1688 705 1742 sunt
718 1678 813 1752 ideis,
834 1686 870 1742 et
886 1697 1022 1759 quoque
1038 1697 1083 1739 ex
1100 1676 1184 1740 ideis
1200 1675 1243 1737 ad
1260 1675 1388 1738 visum:

269 1781 323 1835 est
339 1774 444 1836 etiam
463 1773 600 1856 loquela
616 1793 675 1854 per
687 1783 808 1855 gestus
820 1772 1131 1854 correspondentes
1144 1767 1389 1843 affectionibus,

268 1875 303 1930 et
319 1877 619 1948 repraesentantes
636 1867 769 1943 similia,
786 1889 874 1950 quae
889 1867 1024 1930 illorum
1037 1885 1159 1930 voces:
1184 1876 1237 1928 est
1255 1865 1391 1948 loquela

268 1981 328 2043 per
344 1965 538 2026 communia
550 1961 768 2028 affectionum
784 1973 820 2027 et
837 1983 896 2044 per
908 1963 1103 2026 communia
1115 1963 1388 2043 cogitationum:

267 2069 321 2124 est
340 2057 478 2142 loquela
495 2069 640 2122 tonans:
663 2069 801 2141 praeter
818 2060 913 2123 alias.

332 2166 428 2236 245.
460 2153 615 2236 Loquela
637 2155 815 2236 spirituum
838 2154 1005 2218 malorum
1029 2162 1064 2216 et
1088 2153 1314 2228 infernalium,
1335 2162 1389 2216 est

271 2243 395 2329 [millis]
420 2249 576 2312 similiter
604 2249 769 2314 naturalis
799 2251 878 2332 quia
907 2270 952 2312 ex
983 2246 1227 2324 affectionibus,
1252 2249 1312 2312 sed
1342 2267 1388 2310 ex

268 2340 503 2406 affectionibus
533 2343 644 2419 malis,
668 2353 704 2408 et
737 2345 816 2407 inde
850 2344 934 2408 ideis
967 2345 1107 2426 spurcis,
1138 2363 1222 2426 quas
1251 2362 1389 2424 prorsus

268 2446 472 2500 aversantur
490 2437 624 2519 angeli:
649 2447 729 2501 sunt
749 2438 905 2521 loquelae
923 2439 1044 2501 inferni
1067 2439 1114 2501 sic
1137 2439 1318 2519 oppositae
1336 2437 1388 2502 lo·

267 2530 375 2613 quelis
393 2531 502 2610 caeli;
526 2543 734 2615 quapropter
754 2533 834 2596 mali
850 2553 918 2596 non
940 2533 1114 2596 sustinent
1134 2531 1306 2614 loquelam
1325 2552 1387 2596 an·

266 2624 425 2707 gelicam,
440 2635 476 2690 et
494 2626 610 2708 angeli
627 2647 696 2691 non
709 2627 880 2710 loquelam
893 2627 1092 2691 infernalem
1105 2648 1112 2706 ;
1137 2626 1274 2710 loquela
1286 2627 1387 2691 inler-

267 2719 353 2783 nalis
370 2731 424 2784 est
440 2721 572 2802 angelis
588 2723 676 2786 sicut
689 2723 775 2786 odor
786 2723 897 2786 malus
913 2723 968 2805 qui
984 2722 1060 2786 serit
1077 2741 1186 2786 nares.
1232 2719 1388 2805 Loquela

268 2814 535 2896 hypocritarum,
553 2816 608 2898 qui
632 2825 711 2880 sunt
733 2817 790 2900 qui
808 2817 945 2880 mentiri
964 2827 1108 2898 possunt
1128 2815 1212 2881 lucis
1231 2815 1385 2897 angelos,

267 2909 379 2991 quoad
402 2929 506 2972 voces
537 2909 654 2974 similis
681 2921 735 2975 est
766 2911 922 2994 loquelae
945 2911 1157 2993 angelorum,
1182 2911 1243 2974 sed
1274 2911 1386 2993 quoad

265 3001 462 3068 affectiones
474 3013 510 3068 et
521 3005 600 3070 inde
616 3007 711 3070 ideas
723 3007 945 3089 cogitationis
956 3026 1092 3088 prorsus
1104 3009 1283 3089 opposita;
1303 3027 1386 3090 qua·

266 3109 406 3180 propter
418 3099 555 3182 loquela
565 3121 692 3176 eorum,
707 3104 982 3186 cum-percipitur
993 3103 1103 3186 qualis
1115 3105 1206 3166 intus
1219 3111 1282 3178 est,
1293 3103 1385 3185 quod

267 3191 304 3256 fit
322 3193 367 3256 ab
385 3195 517 3276 angelis
533 3197 754 3279 sapientibus,
772 3198 908 3262 auditur
925 3199 1014 3279 sicut
1030 3199 1156 3262 stridor
1171 3199 1338 3275 dentium,
1350 3207 1386 3264 et

267 3288 391 3354 incutit
410 3289 596 3356 horrorem.

674 3531 971 3546 m

723 3719 924 3808 [xxvnn

403 3903 462 3969 Du
484 3903 672 3983 Loquens
695 3905 947 3972 Auounonuu
970 3921 1050 3972 cuu
1075 3907 1249 3974 Honruu.

328 4089 429 4171 246·
464 4087 605 4170 Angeli,
617 4090 672 4171 qui
692 4089 877 4172 loquuntur
895 4111 971 4155 cum
988 4091 1137 4168 homine,
1153 4113 1222 4157 non
1239 4093 1384 4176 loquun·
1444 4085 1445 4089 ¹

266 4191 321 4245 tur
336 4183 369 4246 in
386 4203 447 4246 sua
462 4183 590 4265 lingua,
610 4184 672 4247 sed
691 4185 724 4248 in
744 4185 861 4267 lingua
880 4185 1037 4263 hominis,
1055 4197 1090 4252 et
1108 4209 1241 4271 quoque
1260 4191 1293 4252 in
1310 4189 1385 4252 aliis

265 4277 391 4359 linguis
418 4299 503 4360 quas
530 4279 636 4343 homo
662 4279 779 4355 callet,
800 4300 869 4344 non
894 4293 1009 4345 autem
1040 4283 1073 4346 in
1102 4281 1227 4366 linguis
1253 4283 1384 4348 homini

319 4476 409 4549 Quod
423 4479 517 4534 homo
570 4490 599 4535 st
612 4491 738 4536 mortem
753 4479 783 4535 in
797 4481 880 4537 ideas
892 4499 961 4538 suas
972 4483 1128 4539 interiores
1138 4484 1240 4560 veniat
1251 4485 1291 4554 (n.
1306 4485 1384 4555 322⁶,

265 4561 343 4616 334²
357 4563 435 4618 3343
452 4495 668 4620 105⁶lll⁰6oll

318 4616 408 4690 Quod
422 4621 490 4676 illae
501 4631 575 4676 tunc
587 4621 694 4678 sistant
707 4621 857 4694 loquelam
869 4623 935 4695 ejus
949 4626 991 4694 (a.
1004 4636 1082 4692 2470.
1095 4625 1173 4694 3478,
1187 4613 1278 4695 24'79)
