<?xml version="1.0" encoding="UTF-8"?>
<!DOCTYPE html PUBLIC "-//W3C//DTD XHTML 1.0 Transitional//EN"
    "http://www.w3.org/TR/xhtml1/DTD/xhtml1-transitional.dtd">
<html xmlns="http://www.w3.org/1999/xhtml" xml:lang="en" lang="en">
 <head>
  <title>
</title>
<meta http-equiv="Content-Type" content="text/html;charset=utf-8" />
  <meta name='ocr-system' content='tesseract 3.04.00' />
  <meta name='ocr-capabilities' content='ocr_page ocr_carea ocr_par ocr_line ocrx_word'/>
</head>
<body>
  <div class='ocr_page' id='page_1' title='image "./decaeloetejusmi00swedgoog_0078.png"; bbox 0 0 3368 5356; ppageno 0'>
   <div class='ocr_carea' id='block_1_1' title="bbox 342 655 1410 727">
    <p class='ocr_par' dir='ltr' id='par_1_1' title="bbox 342 655 1410 727">
     <span class='ocr_line' id='line_1_1' title="bbox 342 655 1410 727; baseline -0.003 -16"><span class='ocrx_word' id='word_1_1' title='bbox 342 655 718 711; x_wconf 80' lang='lat' dir='ltr'>CORRESPONDENTIA</span> <span class='ocrx_word' id='word_1_2' title='bbox 736 655 855 708; x_wconf 84' lang='lat' dir='ltr'>CAELI</span> <span class='ocrx_word' id='word_1_3' title='bbox 871 657 952 709; x_wconf 79' lang='lat' dir='ltr'>CUM</span> <span class='ocrx_word' id='word_1_4' title='bbox 972 655 1142 709; x_wconf 84' lang='lat' dir='ltr'>OMNIBUS</span> <span class='ocrx_word' id='word_1_5' title='bbox 1160 655 1359 709; x_wconf 86' lang='lat' dir='ltr'>TELLURIS.</span> <span class='ocrx_word' id='word_1_6' title='bbox 1370 657 1410 727; x_wconf 84' lang='lat'>71</span> 
     </span>
    </p>
   </div>
   <div class='ocr_carea' id='block_1_2' title="bbox 277 825 1418 3570">
    <p class='ocr_par' dir='ltr' id='par_1_2' title="bbox 277 825 1418 3570">
     <span class='ocr_line' id='line_1_2' title="bbox 350 825 1411 913; baseline 0 -21"><span class='ocrx_word' id='word_1_7' title='bbox 350 841 443 911; x_wconf 75' lang='lat'>115.</span> <span class='ocrx_word' id='word_1_8' title='bbox 465 825 658 892; x_wconf 73' lang='lat' dir='ltr'>Instructus</span> <span class='ocrx_word' id='word_1_9' title='bbox 674 849 747 892; x_wconf 90' lang='lat' dir='ltr'>sum</span> <span class='ocrx_word' id='word_1_10' title='bbox 765 849 784 894; x_wconf 92' lang='lat' dir='ltr'>e</span> <span class='ocrx_word' id='word_1_11' title='bbox 799 827 909 902; x_wconf 90' lang='lat' dir='ltr'>caelo,</span> <span class='ocrx_word' id='word_1_12' title='bbox 927 827 1019 913; x_wconf 92' lang='lat' dir='ltr'>quod</span> <span class='ocrx_word' id='word_1_13' title='bbox 1035 828 1263 912; x_wconf 84' lang='lat' dir='ltr'>antiquissimi</span> <span class='ocrx_word' id='word_1_14' title='bbox 1278 827 1314 892; x_wconf 91' lang='lat' dir='ltr'>in</span> <span class='ocrx_word' id='word_1_15' title='bbox 1329 847 1411 892; x_wconf 91' lang='lat' dir='ltr'>nos·</span> 
     </span>
     <span class='ocr_line' id='line_1_3' title="bbox 287 919 1418 1008; baseline 0.001 -20"><span class='ocrx_word' id='word_1_16' title='bbox 287 933 342 988; x_wconf 86' lang='lat' dir='ltr'>tra</span> <span class='ocrx_word' id='word_1_17' title='bbox 360 923 494 999; x_wconf 88' lang='lat' dir='ltr'>tellure,</span> <span class='ocrx_word' id='word_1_18' title='bbox 516 919 763 1007; x_wconf 74' lang='lat' dir='ltr'>qui&#39;caelestes</span> <span class='ocrx_word' id='word_1_19' title='bbox 782 923 940 987; x_wconf 89' lang='lat' dir='ltr'>homines</span> <span class='ocrx_word' id='word_1_20' title='bbox 959 924 1107 999; x_wconf 82' lang='lat' dir='ltr'>luerunt,</span> <span class='ocrx_word' id='word_1_21' title='bbox 1127 945 1174 988; x_wconf 84' lang='lat' dir='ltr'>ex</span> <span class='ocrx_word' id='word_1_22' title='bbox 1196 925 1279 1008; x_wconf 89' lang='lat' dir='ltr'>ipsis</span> <span class='ocrx_word' id='word_1_23' title='bbox 1297 931 1418 989; x_wconf 79' lang='lat' dir='ltr'>corre·&#39;</span> 
     </span>
     <span class='ocr_line' id='line_1_4' title="bbox 286 1019 1412 1102; baseline 0.002 -20"><span class='ocrx_word' id='word_1_24' title='bbox 286 1019 503 1101; x_wconf 89' lang='lat' dir='ltr'>spondentiis</span> <span class='ocrx_word' id='word_1_25' title='bbox 527 1019 770 1101; x_wconf 87' lang='lat' dir='ltr'>cogitaverint,</span> <span class='ocrx_word' id='word_1_26' title='bbox 795 1028 831 1084; x_wconf 92' lang='lat' dir='ltr'>et</span> <span class='ocrx_word' id='word_1_27' title='bbox 862 1019 953 1102; x_wconf 93' lang='lat' dir='ltr'>quod</span> <span class='ocrx_word' id='word_1_28' title='bbox 977 1020 1148 1082; x_wconf 90' lang='lat' dir='ltr'>naturalia</span> <span class='ocrx_word' id='word_1_29' title='bbox 1171 1019 1299 1095; x_wconf 91' lang='lat' dir='ltr'>mundi,</span> <span class='ocrx_word' id='word_1_30' title='bbox 1324 1040 1412 1101; x_wconf 89' lang='lat' dir='ltr'>quae</span> 
     </span>
     <span class='ocr_line' id='line_1_5' title="bbox 286 1114 1413 1198; baseline 0.001 -21"><span class='ocrx_word' id='word_1_31' title='bbox 286 1132 404 1177; x_wconf 90' lang='lat' dir='ltr'>coram</span> <span class='ocrx_word' id='word_1_32' title='bbox 421 1114 530 1178; x_wconf 91' lang='lat' dir='ltr'>oculis</span> <span class='ocrx_word' id='word_1_33' title='bbox 549 1124 659 1189; x_wconf 92' lang='lat' dir='ltr'>erant,</span> <span class='ocrx_word' id='word_1_34' title='bbox 680 1115 920 1180; x_wconf 87' lang='lat' dir='ltr'>inserviverint</span> <span class='ocrx_word' id='word_1_35' title='bbox 939 1114 1007 1178; x_wconf 91' lang='lat' dir='ltr'>illis</span> <span class='ocrx_word' id='word_1_36' title='bbox 1026 1135 1088 1198; x_wconf 90' lang='lat' dir='ltr'>pro</span> <span class='ocrx_word' id='word_1_37' title='bbox 1108 1115 1229 1178; x_wconf 92' lang='lat' dir='ltr'>mediis</span> <span class='ocrx_word' id='word_1_38' title='bbox 1248 1117 1298 1178; x_wconf 90' lang='lat' dir='ltr'>ita</span> <span class='ocrx_word' id='word_1_39' title='bbox 1317 1115 1413 1197; x_wconf 89' lang='lat' dir='ltr'>cogi·</span> 
     </span>
     <span class='ocr_line' id='line_1_6' title="bbox 286 1208 1411 1292; baseline 0.002 -21"><span class='ocrx_word' id='word_1_40' title='bbox 286 1208 404 1287; x_wconf 90' lang='lat' dir='ltr'>tandi;</span> <span class='ocrx_word' id='word_1_41' title='bbox 436 1219 472 1272; x_wconf 91' lang='lat' dir='ltr'>et</span> <span class='ocrx_word' id='word_1_42' title='bbox 496 1211 575 1292; x_wconf 92' lang='lat' dir='ltr'>quia</span> <span class='ocrx_word' id='word_1_43' title='bbox 599 1209 689 1272; x_wconf 91' lang='lat' dir='ltr'>tales</span> <span class='ocrx_word' id='word_1_44' title='bbox 712 1219 823 1285; x_wconf 91' lang='lat' dir='ltr'>erant,</span> <span class='ocrx_word' id='word_1_45' title='bbox 843 1209 935 1292; x_wconf 93' lang='lat' dir='ltr'>quod</span> <span class='ocrx_word' id='word_1_46' title='bbox 958 1210 1151 1273; x_wconf 90' lang='lat' dir='ltr'>consociati</span> <span class='ocrx_word' id='word_1_47' title='bbox 1174 1211 1243 1274; x_wconf 89' lang='lat' dir='ltr'>sint</span> <span class='ocrx_word' id='word_1_48' title='bbox 1267 1209 1411 1292; x_wconf 83' lang='lat' dir='ltr'>angelis,</span> 
     </span>
     <span class='ocr_line' id='line_1_7' title="bbox 285 1303 1410 1387; baseline 0.002 -21"><span class='ocrx_word' id='word_1_49' title='bbox 285 1313 322 1366; x_wconf 89' lang='lat' dir='ltr'>et</span> <span class='ocrx_word' id='word_1_50' title='bbox 338 1303 445 1368; x_wconf 89' lang='lat' dir='ltr'>locuti</span> <span class='ocrx_word' id='word_1_51' title='bbox 458 1324 535 1368; x_wconf 93' lang='lat' dir='ltr'>cum</span> <span class='ocrx_word' id='word_1_52' title='bbox 548 1303 615 1366; x_wconf 92' lang='lat' dir='ltr'>illis</span> <span class='ocrx_word' id='word_1_53' title='bbox 630 1325 638 1382; x_wconf 90' lang='grc'><strong>;</strong></span> <span class='ocrx_word' id='word_1_54' title='bbox 657 1315 693 1368; x_wconf 90' lang='lat' dir='ltr'>et</span> <span class='ocrx_word' id='word_1_55' title='bbox 709 1305 801 1387; x_wconf 92' lang='lat' dir='ltr'>quod</span> <span class='ocrx_word' id='word_1_56' title='bbox 819 1306 865 1368; x_wconf 91' lang='lat' dir='ltr'>sic</span> <span class='ocrx_word' id='word_1_57' title='bbox 883 1325 943 1386; x_wconf 92' lang='lat' dir='ltr'>per</span> <span class='ocrx_word' id='word_1_58' title='bbox 955 1303 1033 1368; x_wconf 93' lang='lat' dir='ltr'>illos</span> <span class='ocrx_word' id='word_1_59' title='bbox 1046 1304 1179 1368; x_wconf 90' lang='lat' dir='ltr'>caelum</span> <span class='ocrx_word' id='word_1_60' title='bbox 1193 1303 1410 1386; x_wconf 72' lang='lat' dir='ltr'>conjunctum</span> 
     </span>
     <span class='ocr_line' id='line_1_8' title="bbox 285 1397 1410 1482; baseline 0.002 -22"><span class='ocrx_word' id='word_1_61' title='bbox 285 1397 386 1462; x_wconf 87' lang='lat' dir='ltr'>fuerit</span> <span class='ocrx_word' id='word_1_62' title='bbox 405 1399 558 1462; x_wconf 91' lang='lat' dir='ltr'>mundo:</span> <span class='ocrx_word' id='word_1_63' title='bbox 584 1421 630 1462; x_wconf 89' lang='lat' dir='ltr'>ex</span> <span class='ocrx_word' id='word_1_64' title='bbox 650 1419 692 1462; x_wconf 93' lang='lat' dir='ltr'>eo</span> <span class='ocrx_word' id='word_1_65' title='bbox 712 1409 849 1482; x_wconf 91' lang='lat' dir='ltr'>tempus</span> <span class='ocrx_word' id='word_1_66' title='bbox 868 1397 953 1464; x_wconf 93' lang='lat' dir='ltr'>illud</span> <span class='ocrx_word' id='word_1_67' title='bbox 973 1409 1136 1463; x_wconf 89' lang='lat' dir='ltr'>vocatum</span> <span class='ocrx_word' id='word_1_68' title='bbox 1156 1409 1210 1464; x_wconf 92' lang='lat' dir='ltr'>est</span> <span class='ocrx_word' id='word_1_69' title='bbox 1230 1398 1410 1463; x_wconf 88' lang='lat' dir='ltr'>Saeculum</span> 
     </span>
     <span class='ocr_line' id='line_1_9' title="bbox 286 1493 1408 1577; baseline 0.003 -22"><span class='ocrx_word' id='word_1_70' title='bbox 286 1511 445 1572; x_wconf 89' lang='lat' dir='ltr'>aureum;</span> <span class='ocrx_word' id='word_1_71' title='bbox 480 1493 523 1557; x_wconf 91' lang='lat' dir='ltr'>de</span> <span class='ocrx_word' id='word_1_72' title='bbox 550 1513 618 1576; x_wconf 93' lang='lat' dir='ltr'>quo</span> <span class='ocrx_word' id='word_1_73' title='bbox 642 1495 748 1557; x_wconf 89' lang='lat' dir='ltr'>etiam</span> <span class='ocrx_word' id='word_1_74' title='bbox 768 1494 859 1576; x_wconf 89' lang='lat' dir='ltr'>apud</span> <span class='ocrx_word' id='word_1_75' title='bbox 882 1494 1070 1575; x_wconf 89' lang='lat' dir='ltr'>scriptores</span> <span class='ocrx_word' id='word_1_76' title='bbox 1093 1494 1252 1577; x_wconf 89' lang='lat' dir='ltr'>antiquos</span> <span class='ocrx_word' id='word_1_77' title='bbox 1275 1495 1408 1568; x_wconf 90' lang='lat' dir='ltr'>dicitur,</span> 
     </span>
     <span class='ocr_line' id='line_1_10' title="bbox 284 1587 1411 1671; baseline 0.002 -21"><span class='ocrx_word' id='word_1_78' title='bbox 284 1587 376 1671; x_wconf 92' lang='lat' dir='ltr'>quod</span> <span class='ocrx_word' id='word_1_79' title='bbox 396 1587 584 1652; x_wconf 90' lang='lat' dir='ltr'>caelicolae</span> <span class='ocrx_word' id='word_1_80' title='bbox 603 1588 838 1652; x_wconf 88' lang='lat' dir='ltr'>habitaverint</span> <span class='ocrx_word' id='word_1_81' title='bbox 857 1607 935 1652; x_wconf 90' lang='lat' dir='ltr'>cum</span> <span class='ocrx_word' id='word_1_82' title='bbox 954 1587 1162 1664; x_wconf 91' lang='lat' dir='ltr'>hominibus,</span> <span class='ocrx_word' id='word_1_83' title='bbox 1182 1597 1218 1652; x_wconf 90' lang='lat' dir='ltr'>et</span> <span class='ocrx_word' id='word_1_84' title='bbox 1237 1589 1411 1653; x_wconf 87' lang='lat' dir='ltr'>consortia</span> 
     </span>
     <span class='ocr_line' id='line_1_11' title="bbox 284 1681 1410 1766; baseline 0.002 -20"><span class='ocrx_word' id='word_1_85' title='bbox 284 1703 361 1746; x_wconf 90' lang='lat' dir='ltr'>cum</span> <span class='ocrx_word' id='word_1_86' title='bbox 380 1683 447 1746; x_wconf 91' lang='lat' dir='ltr'>illis</span> <span class='ocrx_word' id='word_1_87' title='bbox 462 1683 643 1748; x_wconf 90' lang='lat' dir='ltr'>habuerint</span> <span class='ocrx_word' id='word_1_88' title='bbox 660 1685 749 1748; x_wconf 92' lang='lat' dir='ltr'>sicut</span> <span class='ocrx_word' id='word_1_89' title='bbox 766 1685 865 1747; x_wconf 90' lang='lat' dir='ltr'>amici</span> <span class='ocrx_word' id='word_1_90' title='bbox 883 1703 959 1746; x_wconf 93' lang='lat' dir='ltr'>cum</span> <span class='ocrx_word' id='word_1_91' title='bbox 976 1685 1105 1747; x_wconf 89' lang='lat' dir='ltr'>amicis.</span> <span class='ocrx_word' id='word_1_92' title='bbox 1151 1681 1219 1747; x_wconf 90' lang='lat' dir='ltr'>Sed</span> <span class='ocrx_word' id='word_1_93' title='bbox 1235 1693 1316 1766; x_wconf 91' lang='lat' dir='ltr'>post</span> <span class='ocrx_word' id='word_1_94' title='bbox 1332 1683 1410 1748; x_wconf 93' lang='lat' dir='ltr'>illo-</span> 
     </span>
     <span class='ocr_line' id='line_1_12' title="bbox 282 1779 1409 1863; baseline 0.003 -22"><span class='ocrx_word' id='word_1_95' title='bbox 282 1797 357 1843; x_wconf 91' lang='lat' dir='ltr'>rum</span> <span class='ocrx_word' id='word_1_96' title='bbox 380 1787 550 1862; x_wconf 90' lang='lat' dir='ltr'>tempora,</span> <span class='ocrx_word' id='word_1_97' title='bbox 570 1779 663 1861; x_wconf 92' lang='lat' dir='ltr'>quod</span> <span class='ocrx_word' id='word_1_98' title='bbox 686 1780 928 1855; x_wconf 87' lang='lat' dir='ltr'>successerint,</span> <span class='ocrx_word' id='word_1_99' title='bbox 948 1780 1005 1863; x_wconf 94' lang='lat' dir='ltr'>qui</span> <span class='ocrx_word' id='word_1_100' title='bbox 1029 1799 1098 1842; x_wconf 93' lang='lat' dir='ltr'>non</span> <span class='ocrx_word' id='word_1_101' title='bbox 1122 1798 1167 1841; x_wconf 87' lang='lat' dir='ltr'>ex</span> <span class='ocrx_word' id='word_1_102' title='bbox 1191 1780 1273 1861; x_wconf 92' lang='lat' dir='ltr'>ipsis</span> <span class='ocrx_word' id='word_1_103' title='bbox 1295 1799 1409 1844; x_wconf 90' lang='lat' dir='ltr'>corre·</span> 
     </span>
     <span class='ocr_line' id='line_1_13' title="bbox 282 1873 1408 1962; baseline 0.003 -26"><span class='ocrx_word' id='word_1_104' title='bbox 282 1873 510 1956; x_wconf 90' lang='lat' dir='ltr'>spondentiis,</span> <span class='ocrx_word' id='word_1_105' title='bbox 528 1876 589 1938; x_wconf 90' lang='lat' dir='ltr'>sed</span> <span class='ocrx_word' id='word_1_106' title='bbox 606 1893 651 1938; x_wconf 87' lang='lat' dir='ltr'>ex</span> <span class='ocrx_word' id='word_1_107' title='bbox 668 1875 815 1962; x_wconf 88' lang='lat' dir='ltr'>scientia</span> <span class='ocrx_word' id='word_1_108' title='bbox 830 1875 1213 1957; x_wconf 87' lang='lat' dir='ltr'>correspondentiarum</span> <span class='ocrx_word' id='word_1_109' title='bbox 1229 1875 1408 1958; x_wconf 88' lang='lat' dir='ltr'>cogitave-</span> 
     </span>
     <span class='ocr_line' id='line_1_14' title="bbox 282 1967 1407 2052; baseline 0.002 -20"><span class='ocrx_word' id='word_1_110' title='bbox 282 1978 373 2044; x_wconf 89' lang='lat' dir='ltr'>runt,</span> <span class='ocrx_word' id='word_1_111' title='bbox 394 1979 430 2032; x_wconf 92' lang='lat' dir='ltr'>et</span> <span class='ocrx_word' id='word_1_112' title='bbox 461 1970 551 2052; x_wconf 91' lang='lat' dir='ltr'>quod</span> <span class='ocrx_word' id='word_1_113' title='bbox 576 1967 772 2051; x_wconf 77' lang='lat' dir='ltr'>conjunctio</span> <span class='ocrx_word' id='word_1_114' title='bbox 796 1969 883 2034; x_wconf 91' lang='lat' dir='ltr'>caeli</span> <span class='ocrx_word' id='word_1_115' title='bbox 913 1990 990 2033; x_wconf 90' lang='lat' dir='ltr'>cum</span> <span class='ocrx_word' id='word_1_116' title='bbox 1021 1969 1160 2034; x_wconf 89' lang='lat' dir='ltr'>homine</span> <span class='ocrx_word' id='word_1_117' title='bbox 1188 1970 1294 2034; x_wconf 90' lang='lat' dir='ltr'>etiam</span> <span class='ocrx_word' id='word_1_118' title='bbox 1325 1979 1407 2034; x_wconf 86' lang='lat' dir='ltr'>tunc</span> 
     </span>
     <span class='ocr_line' id='line_1_15' title="bbox 281 2063 1407 2148; baseline 0 -20"><span class='ocrx_word' id='word_1_119' title='bbox 281 2063 394 2139; x_wconf 82' lang='lat' dir='ltr'>suerit,</span> <span class='ocrx_word' id='word_1_120' title='bbox 415 2065 476 2128; x_wconf 91' lang='lat' dir='ltr'>sed</span> <span class='ocrx_word' id='word_1_121' title='bbox 500 2085 569 2128; x_wconf 94' lang='lat' dir='ltr'>non</span> <span class='ocrx_word' id='word_1_122' title='bbox 593 2075 666 2128; x_wconf 88' lang='lat' dir='ltr'>tam</span> <span class='ocrx_word' id='word_1_123' title='bbox 685 2066 826 2128; x_wconf 88' lang='lat' dir='ltr'>intima:</span> <span class='ocrx_word' id='word_1_124' title='bbox 858 2074 992 2147; x_wconf 89' lang='lat' dir='ltr'>tempus</span> <span class='ocrx_word' id='word_1_125' title='bbox 1015 2085 1132 2128; x_wconf 87' lang='lat' dir='ltr'>eorum</span> <span class='ocrx_word' id='word_1_126' title='bbox 1157 2073 1211 2128; x_wconf 92' lang='lat' dir='ltr'>est</span> <span class='ocrx_word' id='word_1_127' title='bbox 1234 2065 1326 2148; x_wconf 92' lang='lat' dir='ltr'>quod</span> <span class='ocrx_word' id='word_1_128' title='bbox 1345 2085 1407 2128; x_wconf 91' lang='lat' dir='ltr'>vo·</span> 
     </span>
     <span class='ocr_line' id='line_1_16' title="bbox 284 2151 1407 2242; baseline 0 -20"><span class='ocrx_word' id='word_1_129' title='bbox 284 2169 381 2223; x_wconf 90' lang='lat' dir='ltr'>catur</span> <span class='ocrx_word' id='word_1_130' title='bbox 393 2158 577 2224; x_wconf 89' lang='lat' dir='ltr'>Saeculum</span> <span class='ocrx_word' id='word_1_131' title='bbox 594 2169 808 2241; x_wconf 90' lang='lat' dir='ltr'>argenteum.</span> <span class='ocrx_word' id='word_1_132' title='bbox 846 2159 973 2224; x_wconf 91' lang='lat' dir='ltr'>Postea</span> <span class='ocrx_word' id='word_1_133' title='bbox 989 2160 1080 2241; x_wconf 93' lang='lat' dir='ltr'>quod</span> <span class='ocrx_word' id='word_1_134' title='bbox 1096 2151 1337 2235; x_wconf 85' lang='lat' dir='ltr'>successerint,</span> <span class='ocrx_word' id='word_1_135' title='bbox 1351 2161 1407 2242; x_wconf 91' lang='lat' dir='ltr'>qui</span> 
     </span>
     <span class='ocr_line' id='line_1_17' title="bbox 282 2254 1406 2338; baseline 0 -21"><span class='ocrx_word' id='word_1_136' title='bbox 282 2254 419 2337; x_wconf 91' lang='lat' dir='ltr'>quidem</span> <span class='ocrx_word' id='word_1_137' title='bbox 439 2255 764 2338; x_wconf 90' lang='lat' dir='ltr'>correspondentias</span> <span class='ocrx_word' id='word_1_138' title='bbox 784 2264 969 2338; x_wconf 86' lang='lat' dir='ltr'>noverunt,¹</span> <span class='ocrx_word' id='word_1_139' title='bbox 987 2255 1049 2318; x_wconf 89' lang='lat' dir='ltr'>sed</span> <span class='ocrx_word' id='word_1_140' title='bbox 1073 2275 1142 2317; x_wconf 93' lang='lat' dir='ltr'>non</span> <span class='ocrx_word' id='word_1_141' title='bbox 1163 2256 1406 2337; x_wconf 88' lang='lat' dir='ltr'>cogitaverunt</span> 
     </span>
     <span class='ocr_line' id='line_1_18' title="bbox 281 2339 1404 2432; baseline 0 -20"><span class='ocrx_word' id='word_1_142' title='bbox 281 2367 327 2412; x_wconf 87' lang='lat' dir='ltr'>ex</span> <span class='ocrx_word' id='word_1_143' title='bbox 342 2349 488 2412; x_wconf 90' lang='lat' dir='ltr'>scientia</span> <span class='ocrx_word' id='word_1_144' title='bbox 500 2349 647 2424; x_wconf 88' lang='lat' dir='ltr'>illarum,</span> <span class='ocrx_word' id='word_1_145' title='bbox 661 2371 707 2414; x_wconf 85' lang='lat' dir='ltr'>ex</span> <span class='ocrx_word' id='word_1_146' title='bbox 723 2369 827 2413; x_wconf 90' lang='lat' dir='ltr'>causa</span> <span class='ocrx_word' id='word_1_147' title='bbox 839 2349 917 2432; x_wconf 91' lang='lat' dir='ltr'>quia</span> <span class='ocrx_word' id='word_1_148' title='bbox 933 2350 966 2412; x_wconf 92' lang='lat' dir='ltr'>in</span> <span class='ocrx_word' id='word_1_149' title='bbox 984 2339 1132 2412; x_wconf 90' lang='lat' dir='ltr'>naturali</span> <span class='ocrx_word' id='word_1_150' title='bbox 1148 2349 1241 2412; x_wconf 94' lang='lat' dir='ltr'>bono</span> <span class='ocrx_word' id='word_1_151' title='bbox 1257 2348 1404 2422; x_wconf 84' lang='lat' dir='ltr'>suerunt,</span> 
     </span>
     <span class='ocr_line' id='line_1_19' title="bbox 281 2443 1406 2527; baseline 0 -21"><span class='ocrx_word' id='word_1_152' title='bbox 281 2452 317 2507; x_wconf 92' lang='lat' dir='ltr'>et</span> <span class='ocrx_word' id='word_1_153' title='bbox 333 2463 402 2506; x_wconf 93' lang='lat' dir='ltr'>non</span> <span class='ocrx_word' id='word_1_154' title='bbox 419 2445 507 2508; x_wconf 90' lang='lat' dir='ltr'>sicut</span> <span class='ocrx_word' id='word_1_155' title='bbox 524 2445 653 2527; x_wconf 88' lang='lat' dir='ltr'>priores</span> <span class='ocrx_word' id='word_1_156' title='bbox 669 2446 703 2508; x_wconf 92' lang='lat' dir='ltr'>in</span> <span class='ocrx_word' id='word_1_157' title='bbox 720 2443 910 2526; x_wconf 88' lang='lat' dir='ltr'>spirituali:</span> <span class='ocrx_word' id='word_1_158' title='bbox 930 2443 1053 2507; x_wconf 91' lang='lat' dir='ltr'>horum</span> <span class='ocrx_word' id='word_1_159' title='bbox 1066 2452 1204 2526; x_wconf 90' lang='lat' dir='ltr'>tempus</span> <span class='ocrx_word' id='word_1_160' title='bbox 1216 2444 1406 2507; x_wconf 90' lang='lat' dir='ltr'>vocabatur</span> 
     </span>
     <span class='ocr_line' id='line_1_20' title="bbox 281 2535 1406 2622; baseline 0.001 -21"><span class='ocrx_word' id='word_1_161' title='bbox 281 2535 463 2602; x_wconf 90' lang='lat' dir='ltr'>Saeculum</span> <span class='ocrx_word' id='word_1_162' title='bbox 493 2558 666 2622; x_wconf 89' lang='lat' dir='ltr'>cupreum.</span> <span class='ocrx_word' id='word_1_163' title='bbox 713 2539 796 2602; x_wconf 89' lang='lat' dir='ltr'>Post</span> <span class='ocrx_word' id='word_1_164' title='bbox 826 2537 948 2602; x_wconf 90' lang='lat' dir='ltr'>horum</span> <span class='ocrx_word' id='word_1_165' title='bbox 982 2548 1151 2621; x_wconf 88' lang='lat' dir='ltr'>tempora,</span> <span class='ocrx_word' id='word_1_166' title='bbox 1175 2539 1266 2622; x_wconf 91' lang='lat' dir='ltr'>quod</span> <span class='ocrx_word' id='word_1_167' title='bbox 1300 2538 1406 2603; x_wconf 90' lang='lat' dir='ltr'>homo</span> 
     </span>
     <span class='ocr_line' id='line_1_21' title="bbox 280 2630 1404 2718; baseline 0.004 -22"><span class='ocrx_word' id='word_1_168' title='bbox 280 2630 388 2696; x_wconf 69' lang='lat' dir='ltr'>latius</span> <span class='ocrx_word' id='word_1_169' title='bbox 401 2635 446 2697; x_wconf 92' lang='lat' dir='ltr'>sit</span> <span class='ocrx_word' id='word_1_170' title='bbox 459 2635 652 2698; x_wconf 89' lang='lat' dir='ltr'>successive</span> <span class='ocrx_word' id='word_1_171' title='bbox 665 2643 842 2709; x_wconf 69' lang='lat' dir='ltr'>externus</span> <span class='ocrx_word' id='word_1_172' title='bbox 854 2643 890 2698; x_wconf 85' lang='lat' dir='ltr'>et</span> <span class='ocrx_word' id='word_1_173' title='bbox 904 2633 1046 2698; x_wconf 89' lang='lat' dir='ltr'>tandem</span> <span class='ocrx_word' id='word_1_174' title='bbox 1060 2653 1254 2716; x_wconf 77' lang='lat' dir='ltr'>corporeuS,</span> <span class='ocrx_word' id='word_1_175' title='bbox 1264 2643 1300 2698; x_wconf 89' lang='lat' dir='ltr'>et</span> <span class='ocrx_word' id='word_1_176' title='bbox 1313 2637 1404 2718; x_wconf 94' lang='lat' dir='ltr'>quod</span> 
     </span>
     <span class='ocr_line' id='line_1_22' title="bbox 278 2728 1404 2812; baseline 0.005 -22"><span class='ocrx_word' id='word_1_177' title='bbox 278 2735 362 2792; x_wconf 85' lang='lat' dir='ltr'>tune</span> <span class='ocrx_word' id='word_1_178' title='bbox 382 2731 526 2793; x_wconf 89' lang='lat' dir='ltr'>scientia</span> <span class='ocrx_word' id='word_1_179' title='bbox 542 2728 925 2812; x_wconf 88' lang='lat' dir='ltr'>correspondentiarum</span> <span class='ocrx_word' id='word_1_180' title='bbox 941 2749 1079 2810; x_wconf 88' lang='lat' dir='ltr'>prorsus</span> <span class='ocrx_word' id='word_1_181' title='bbox 1095 2729 1276 2811; x_wconf 90' lang='lat' dir='ltr'>deperdita</span> <span class='ocrx_word' id='word_1_182' title='bbox 1294 2731 1351 2807; x_wconf 87' lang='lat' dir='ltr'>sit,</span> <span class='ocrx_word' id='word_1_183' title='bbox 1368 2743 1404 2796; x_wconf 90' lang='lat' dir='ltr'>et</span> 
     </span>
     <span class='ocr_line' id='line_1_23' title="bbox 279 2821 1401 2906; baseline 0.004 -20"><span class='ocrx_word' id='word_1_184' title='bbox 279 2841 357 2887; x_wconf 90' lang='lat' dir='ltr'>cum</span> <span class='ocrx_word' id='word_1_185' title='bbox 375 2823 435 2886; x_wconf 89' lang='lat' dir='ltr'>illa</span> <span class='ocrx_word' id='word_1_186' title='bbox 453 2825 607 2906; x_wconf 84' lang='lat' dir='ltr'>cognitio</span> <span class='ocrx_word' id='word_1_187' title='bbox 623 2824 720 2898; x_wconf 92' lang='lat' dir='ltr'>caeli,</span> <span class='ocrx_word' id='word_1_188' title='bbox 739 2833 775 2888; x_wconf 91' lang='lat' dir='ltr'>et</span> <span class='ocrx_word' id='word_1_189' title='bbox 792 2823 938 2906; x_wconf 91' lang='lat' dir='ltr'>plurium</span> <span class='ocrx_word' id='word_1_190' title='bbox 954 2844 1041 2906; x_wconf 91' lang='lat' dir='ltr'>quae</span> <span class='ocrx_word' id='word_1_191' title='bbox 1057 2823 1144 2886; x_wconf 92' lang='lat' dir='ltr'>caeli</span> <span class='ocrx_word' id='word_1_192' title='bbox 1161 2833 1252 2886; x_wconf 92' lang='lat' dir='ltr'>sunt.</span> <span class='ocrx_word' id='word_1_193' title='bbox 1299 2821 1401 2905; x_wconf 88' lang='lat' dir='ltr'>Quod</span> 
     </span>
     <span class='ocr_line' id='line_1_24' title="bbox 277 2917 1402 3001; baseline 0.003 -20"><span class='ocrx_word' id='word_1_194' title='bbox 277 2919 478 2982; x_wconf 89' lang='lat' dir='ltr'>vocaverint</span> <span class='ocrx_word' id='word_1_195' title='bbox 506 2917 651 2983; x_wconf 89' lang='lat' dir='ltr'>Saecula</span> <span class='ocrx_word' id='word_1_196' title='bbox 677 2918 738 2981; x_wconf 92' lang='lat' dir='ltr'>illa</span> <span class='ocrx_word' id='word_1_197' title='bbox 768 2939 813 2982; x_wconf 85' lang='lat' dir='ltr'>ex</span> <span class='ocrx_word' id='word_1_198' title='bbox 843 2939 937 2993; x_wconf 91' lang='lat' dir='ltr'>auro,</span> <span class='ocrx_word' id='word_1_199' title='bbox 957 2927 1106 3000; x_wconf 88' lang='lat' dir='ltr'>argento</span> <span class='ocrx_word' id='word_1_200' title='bbox 1136 2927 1172 2982; x_wconf 91' lang='lat' dir='ltr'>et</span> <span class='ocrx_word' id='word_1_201' title='bbox 1201 2939 1316 3001; x_wconf 91' lang='lat' dir='ltr'>cupro,</span> <span class='ocrx_word' id='word_1_202' title='bbox 1341 2920 1402 2984; x_wconf 87' lang='lat' dir='ltr'>suit</span> 
     </span>
     <span class='ocr_line' id='line_1_25' title="bbox 279 3010 1401 3096; baseline 0.004 -21"><span class='ocrx_word' id='word_1_203' title='bbox 279 3031 413 3096; x_wconf 84' lang='lat' dir='ltr'>quoque</span> <span class='ocrx_word' id='word_1_204' title='bbox 443 3035 488 3077; x_wconf 89' lang='lat' dir='ltr'>ex</span> <span class='ocrx_word' id='word_1_205' title='bbox 518 3010 864 3096; x_wconf 56' lang='lat' dir='ltr'>correspondentiam</span> <span class='ocrx_word' id='word_1_206' title='bbox 888 3013 1049 3096; x_wconf 88' lang='lat' dir='ltr'>quoniam</span> <span class='ocrx_word' id='word_1_207' title='bbox 1073 3033 1191 3076; x_wconf 89' lang='lat' dir='ltr'>aurum</span> <span class='ocrx_word' id='word_1_208' title='bbox 1218 3034 1264 3077; x_wconf 86' lang='lat' dir='ltr'>ex</span> <span class='ocrx_word' id='word_1_209' title='bbox 1287 3034 1401 3080; x_wconf 90' lang='lat' dir='ltr'>corre·</span> 
     </span>
     <span class='ocr_line' id='line_1_26' title="bbox 278 3107 1400 3192; baseline 0.004 -23"><span class='ocrx_word' id='word_1_210' title='bbox 278 3107 487 3189; x_wconf 88' lang='lat' dir='ltr'>spondentia</span> <span class='ocrx_word' id='word_1_211' title='bbox 504 3107 675 3190; x_wconf 78' lang='lat' dir='ltr'>&#39;significat</span> <span class='ocrx_word' id='word_1_212' title='bbox 693 3108 821 3172; x_wconf 90' lang='lat' dir='ltr'>bonum</span> <span class='ocrx_word' id='word_1_213' title='bbox 841 3107 1005 3182; x_wconf 90' lang='lat' dir='ltr'>caeleste,</span> <span class='ocrx_word' id='word_1_214' title='bbox 1025 3109 1060 3171; x_wconf 88' lang='lat' dir='ltr'>in</span> <span class='ocrx_word' id='word_1_215' title='bbox 1083 3129 1152 3192; x_wconf 93' lang='lat' dir='ltr'>quo</span> <span class='ocrx_word' id='word_1_216' title='bbox 1171 3110 1400 3192; x_wconf 89' lang='lat' dir='ltr'>antiquissimi</span> 
     </span>
     <span class='ocr_line' id='line_1_27' title="bbox 277 3198 1402 3286; baseline 0.002 -22"><span class='ocrx_word' id='word_1_217' title='bbox 277 3198 434 3279; x_wconf 81' lang='lat' dir='ltr'>luerunt;</span> <span class='ocrx_word' id='word_1_218' title='bbox 454 3211 636 3284; x_wconf 88' lang='lat' dir='ltr'>argentum</span> <span class='ocrx_word' id='word_1_219' title='bbox 653 3212 770 3265; x_wconf 89' lang='lat' dir='ltr'>autern</span> <span class='ocrx_word' id='word_1_220' title='bbox 787 3202 915 3265; x_wconf 91' lang='lat' dir='ltr'>bonum</span> <span class='ocrx_word' id='word_1_221' title='bbox 929 3201 1118 3284; x_wconf 88' lang='lat' dir='ltr'>spirituale,</span> <span class='ocrx_word' id='word_1_222' title='bbox 1132 3203 1166 3265; x_wconf 94' lang='lat' dir='ltr'>in</span> <span class='ocrx_word' id='word_1_223' title='bbox 1183 3223 1251 3285; x_wconf 92' lang='lat' dir='ltr'>quo</span> <span class='ocrx_word' id='word_1_224' title='bbox 1268 3205 1402 3286; x_wconf 91' lang='lat' dir='ltr'>antiqui</span> 
     </span>
     <span class='ocr_line' id='line_1_28' title="bbox 278 3294 1403 3380; baseline 0.003 -22"><span class='ocrx_word' id='word_1_225' title='bbox 278 3304 359 3377; x_wconf 87' lang='lat' dir='ltr'>post</span> <span class='ocrx_word' id='word_1_226' title='bbox 381 3294 481 3374; x_wconf 91' lang='lat' dir='ltr'>illos;</span> <span class='ocrx_word' id='word_1_227' title='bbox 512 3306 548 3360; x_wconf 92' lang='lat' dir='ltr'>et</span> <span class='ocrx_word' id='word_1_228' title='bbox 578 3316 718 3379; x_wconf 90' lang='lat' dir='ltr'>cuprum</span> <span class='ocrx_word' id='word_1_229' title='bbox 738 3297 867 3360; x_wconf 85' lang='lat' dir='ltr'>bonurn</span> <span class='ocrx_word' id='word_1_230' title='bbox 891 3296 1060 3372; x_wconf 91' lang='lat' dir='ltr'>naturale,</span> <span class='ocrx_word' id='word_1_231' title='bbox 1084 3298 1118 3360; x_wconf 94' lang='lat' dir='ltr'>in</span> <span class='ocrx_word' id='word_1_232' title='bbox 1148 3319 1216 3380; x_wconf 92' lang='lat' dir='ltr'>quo</span> <span class='ocrx_word' id='word_1_233' title='bbox 1244 3299 1403 3380; x_wconf 88' lang='lat' dir='ltr'>proxima</span> 
     </span>
     <span class='ocr_line' id='line_1_29' title="bbox 278 3390 1402 3475; baseline 0.004 -23"><span class='ocrx_word' id='word_1_234' title='bbox 278 3391 487 3472; x_wconf 73' lang='lat' dir='ltr'>posteritas,</span> <span class='ocrx_word' id='word_1_235' title='bbox 517 3390 642 3454; x_wconf 85' lang='lat' dir='ltr'>ferrum</span> <span class='ocrx_word' id='word_1_236' title='bbox 666 3401 795 3467; x_wconf 88' lang='lat' dir='ltr'>autem,</span> <span class='ocrx_word' id='word_1_237' title='bbox 816 3412 861 3455; x_wconf 88' lang='lat' dir='ltr'>ex</span> <span class='ocrx_word' id='word_1_238' title='bbox 885 3412 953 3475; x_wconf 90' lang='lat' dir='ltr'>quo</span> <span class='ocrx_word' id='word_1_239' title='bbox 976 3392 1133 3456; x_wconf 89' lang='lat' dir='ltr'>ultimum</span> <span class='ocrx_word' id='word_1_240' title='bbox 1150 3391 1323 3456; x_wconf 88' lang='lat' dir='ltr'>saeculum</span> <span class='ocrx_word' id='word_1_241' title='bbox 1347 3403 1402 3457; x_wconf 90' lang='lat' dir='ltr'>est</span> 
     </span>
     <span class='ocr_line' id='line_1_30' title="bbox 278 3481 1160 3570; baseline 0.005 -23"><span class='ocrx_word' id='word_1_242' title='bbox 278 3481 418 3560; x_wconf 72' lang='lat' dir='ltr'>dictum,</span> <span class='ocrx_word' id='word_1_243' title='bbox 439 3485 611 3567; x_wconf 90' lang='lat' dir='ltr'>significat</span> <span class='ocrx_word' id='word_1_244' title='bbox 630 3507 749 3550; x_wconf 89' lang='lat' dir='ltr'>verum</span> <span class='ocrx_word' id='word_1_245' title='bbox 768 3487 889 3550; x_wconf 90' lang='lat' dir='ltr'>durum</span> <span class='ocrx_word' id='word_1_246' title='bbox 908 3488 1037 3570; x_wconf 90' lang='lat' dir='ltr'>absque</span> <span class='ocrx_word' id='word_1_247' title='bbox 1056 3487 1160 3551; x_wconf 92' lang='lat' dir='ltr'>bono.</span> 
     </span>
    </p>
   </div>
   <div class='ocr_carea' id='block_1_3' title="bbox 676 3693 999 3748">
    <p class='ocr_par' dir='ltr' id='par_1_3' title="bbox 676 3693 999 3748">
     <span class='ocr_line' id='line_1_31' title="bbox 676 3693 999 3748; baseline 0 -12"><span class='ocrx_word' id='word_1_248' title='bbox 676 3693 715 3746; x_wconf 73' lang='lat' dir='ltr'>(n</span> <span class='ocrx_word' id='word_1_249' title='bbox 727 3703 823 3736; x_wconf 72' lang='lat' dir='ltr'>muru</span> <span class='ocrx_word' id='word_1_250' title='bbox 835 3694 999 3748; x_wconf 68' lang='lat' dir='ltr'>mmmm)</span> 
     </span>
    </p>
   </div>
   <div class='ocr_carea' id='block_1_4' title="bbox 332 3789 1399 3869">
    <p class='ocr_par' dir='ltr' id='par_1_4' title="bbox 332 3789 1399 3869">
     <span class='ocr_line' id='line_1_32' title="bbox 332 3789 1399 3869; baseline 0.004 -20"><span class='ocrx_word' id='word_1_251' title='bbox 332 3793 368 3864; x_wconf 79' lang='lat' dir='ltr'>(t)</span> <span class='ocrx_word' id='word_1_252' title='bbox 388 3789 478 3865; x_wconf 77' lang='lat' dir='ltr'>Quod</span> <span class='ocrx_word' id='word_1_253' title='bbox 491 3809 595 3848; x_wconf 87' lang='lat' dir='ltr'>aurum</span> <span class='ocrx_word' id='word_1_254' title='bbox 608 3811 646 3850; x_wconf 87' lang='lat' dir='ltr'>ex</span> <span class='ocrx_word' id='word_1_255' title='bbox 657 3795 924 3866; x_wconf 88' lang='lat' dir='ltr'>correspondentia</span> <span class='ocrx_word' id='word_1_256' title='bbox 933 3795 1083 3866; x_wconf 85' lang='lat' dir='ltr'>significet</span> <span class='ocrx_word' id='word_1_257' title='bbox 1092 3797 1205 3852; x_wconf 90' lang='lat' dir='ltr'>bonum</span> <span class='ocrx_word' id='word_1_258' title='bbox 1215 3797 1343 3853; x_wconf 84' lang='lat' dir='ltr'>caeleste</span> <span class='ocrx_word' id='word_1_259' title='bbox 1358 3798 1399 3869; x_wconf 87' lang='lat' dir='ltr'>(n.</span> 
     </span>
    </p>
   </div>
   <div class='ocr_carea' id='block_1_5' title="bbox 276 3865 1398 4061">
    <p class='ocr_par' dir='ltr' id='par_1_5' title="bbox 276 3865 1398 4061">
     <span class='ocr_line' id='line_1_33' title="bbox 279 3865 1357 3952; baseline 0.005 -19"><span class='ocrx_word' id='word_1_260' title='bbox 279 3865 1092 3951; x_wconf 50' lang='lat' dir='ltr'>1uumummffimmmmmmssmmffl·</span> <span class='ocrx_word' id='word_1_261' title='bbox 1320 3939 1357 3952; x_wconf 43' lang='grc' dir='ltr'>Η</span> 
     </span>
     <span class='ocr_line' id='line_1_34' title="bbox 276 3932 1398 4061; baseline 0.008 -73"><span class='ocrx_word' id='word_1_262' title='bbox 276 3932 420 4061; x_wconf 51' lang='lat' dir='ltr'>eaepuori</span> <span class='ocrx_word' id='word_1_263' title='bbox 433 3947 590 4006; x_wconf 85' lang='lat' dir='ltr'>argentum</span> <span class='ocrx_word' id='word_1_264' title='bbox 603 3937 753 4008; x_wconf 77' lang='lat' dir='ltr'>significet</span> <span class='ocrx_word' id='word_1_265' title='bbox 766 3939 878 3993; x_wconf 90' lang='lat' dir='ltr'>bonum</span> <span class='ocrx_word' id='word_1_266' title='bbox 888 3939 1043 4008; x_wconf 71' lang='lat' dir='ltr'>spirituale</span> <span class='ocrx_word' id='word_1_267' title='bbox 1053 3955 1105 3994; x_wconf 88' lang='lat' dir='ltr'>seu</span> <span class='ocrx_word' id='word_1_268' title='bbox 1115 3954 1220 3994; x_wconf 86' lang='lat' dir='ltr'>verum</span> <span class='ocrx_word' id='word_1_269' title='bbox 1233 3955 1271 3994; x_wconf 83' lang='lat' dir='ltr'>ex</span> <span class='ocrx_word' id='word_1_270' title='bbox 1282 3955 1398 4012; x_wconf 86' lang='lat' dir='ltr'>orrgme</span> 
     </span>
    </p>
   </div>
   <div class='ocr_carea' id='block_1_6' title="bbox 340 4006 956 4090">
    <p class='ocr_par' dir='ltr' id='par_1_6' title="bbox 340 4006 956 4090">
     <span class='ocr_line' id='line_1_35' title="bbox 340 4006 956 4090; baseline 0.008 -31"><span class='ocrx_word' id='word_1_271' title='bbox 340 4006 397 4060; x_wconf 86' lang='lat' dir='ltr'>esti</span> <span class='ocrx_word' id='word_1_272' title='bbox 411 4008 453 4076; x_wconf 87' lang='grc'>(11.</span> <span class='ocrx_word' id='word_1_273' title='bbox 468 4017 544 4076; x_wconf 86' lang='grc'>1551,</span> <span class='ocrx_word' id='word_1_274' title='bbox 560 4019 636 4090; x_wconf 75' lang='grc'>1551,</span> <span class='ocrx_word' id='word_1_275' title='bbox 650 4020 727 4077; x_wconf 82' lang='lat'>2954,</span> <span class='ocrx_word' id='word_1_276' title='bbox 743 4009 836 4078; x_wconf 82' lang='lat'><strong>5648[?</strong></span> <span class='ocrx_word' id='word_1_277' title='bbox 853 4009 956 4078; x_wconf 87' lang='grc'>5658]).</span> 
     </span>
    </p>
   </div>
   <div class='ocr_carea' id='block_1_7' title="bbox 329 4075 1327 4221">
    <p class='ocr_par' dir='ltr' id='par_1_7' title="bbox 329 4075 1327 4221">
     <span class='ocr_line' id='line_1_36' title="bbox 329 4075 1231 4220; baseline 0.007 -90"><span class='ocrx_word' id='word_1_278' title='bbox 329 4075 420 4220; x_wconf 61' lang='lat' dir='ltr'>guod</span> <span class='ocrx_word' id='word_1_279' title='bbox 436 4093 562 4147; x_wconf 89' lang='lat' dir='ltr'>cuprum</span> <span class='ocrx_word' id='word_1_280' title='bbox 577 4079 725 4149; x_wconf 76' lang='lat' dir='ltr'>significet</span> <span class='ocrx_word' id='word_1_281' title='bbox 737 4079 849 4134; x_wconf 89' lang='lat' dir='ltr'>bonum</span> <span class='ocrx_word' id='word_1_282' title='bbox 863 4079 998 4134; x_wconf 86' lang='lat' dir='ltr'>naturale</span> <span class='ocrx_word' id='word_1_283' title='bbox 1013 4081 1053 4149; x_wconf 90' lang='lat' dir='ltr'>(n.</span> <span class='ocrx_word' id='word_1_284' title='bbox 1065 4091 1126 4149; x_wconf 83' lang='lat'>425,</span> <span class='ocrx_word' id='word_1_285' title='bbox 1142 4080 1231 4149; x_wconf 89' lang='grc'>1551).</span> 
     </span>
     <span class='ocr_line' id='line_1_37' title="bbox 360 4146 1327 4221; baseline 0.005 -19"><span class='ocrx_word' id='word_1_286' title='bbox 360 4147 420 4203; x_wconf 88' lang='lat' dir='ltr'>uod</span> <span class='ocrx_word' id='word_1_287' title='bbox 433 4146 545 4203; x_wconf 78' lang='lat' dir='ltr'>ferrum</span> <span class='ocrx_word' id='word_1_288' title='bbox 557 4147 707 4220; x_wconf 81' lang='lat' dir='ltr'>significet</span> <span class='ocrx_word' id='word_1_289' title='bbox 718 4166 823 4206; x_wconf 86' lang='lat' dir='ltr'>verum</span> <span class='ocrx_word' id='word_1_290' title='bbox 833 4149 864 4206; x_wconf 89' lang='lat' dir='ltr'>in</span> <span class='ocrx_word' id='word_1_291' title='bbox 877 4150 986 4206; x_wconf 86' lang='lat' dir='ltr'>ultimo</span> <span class='ocrx_word' id='word_1_292' title='bbox 998 4150 1114 4206; x_wconf 89' lang='lat' dir='ltr'>ordinis</span> <span class='ocrx_word' id='word_1_293' title='bbox 1124 4153 1165 4221; x_wconf 91' lang='lat' dir='ltr'>(n.</span> <span class='ocrx_word' id='word_1_294' title='bbox 1178 4163 1239 4221; x_wconf 79' lang='lat'>425,</span> <span class='ocrx_word' id='word_1_295' title='bbox 1251 4150 1327 4220; x_wconf 79' lang='lat'><strong>426).</strong></span> 
     </span>
    </p>
   </div>
   <div class='ocr_carea' id='block_1_8' title="bbox 0 0 1688 5356">
    <p class='ocr_par' dir='ltr' id='par_1_8' title="bbox 0 0 1688 5356">
     <span class='ocr_line' id='line_1_38' title="bbox 0 0 1688 5356; baseline 0 5"><span class='ocrx_word' id='word_1_296' title='bbox 0 0 1688 5356; x_wconf 95' lang='lat' dir='ltr'> </span> 
     </span>
    </p>
   </div>
  </div>
 </body>
</html>
