3408 5358
495 651 659 704 HOMINIS
683 651 959 704 RESUSCITfflo
982 652 1007 702 A
1031 653 1212 704 MORTUlS.
1352 655 1412 723 275

290 825 424 890 illorum
448 826 505 909 qui
524 825 726 902 moriuntur,
743 845 830 908 quae
849 823 941 888 solet
960 843 1036 888 esse
1056 825 1100 889 de
1116 826 1187 889 vita
1206 835 1358 902 aeterna,
1376 835 1413 891 et

290 921 382 1004 quod
405 922 439 984 in
463 921 523 985 illa
552 921 765 1002 cogitatione
788 919 922 984 vellent
953 929 1074 984 tenere
1104 931 1257 984 mentem
1288 941 1412 985 meam.

290 1013 427 1078 Dictum
457 1023 511 1078 est
535 1025 668 1097 postea,
689 1013 780 1098 quod
802 1013 951 1077 hominis
974 1015 1113 1095 spiritus
1140 1017 1173 1077 in
1198 1015 1414 1101 cogitatione

289 1129 350 1172 sua
373 1109 504 1185 ultima,
524 1127 601 1173 cum
620 1109 775 1189 exspirat
795 1127 928 1190 corpus,
948 1117 1112 1172 teneatur
1134 1114 1311 1204 eopsque,
1332 1111 1413 1172 dum

289 1202 333 1266 ad
355 1205 600 1285 cogitationes,
617 1221 704 1286 quae
720 1212 800 1266 sunt
819 1223 865 1267 ex
884 1200 1065 1266 affectione
1083 1223 1143 1266 sua
1162 1205 1334 1266 communi
1353 1223 1413 1266 seu

281 1309 458 1381 regnante
474 1299 506 1363 in
523 1299 662 1374 mundo,
683 1299 783 1362 redit.
828 1298 999 1380 Imprimis
1015 1298 1137 1362 datum
1153 1307 1208 1362 est
1225 1299 1411 1380 percipere,

288 1403 325 1457 et
352 1414 487 1477 quoque
516 1394 655 1468 sentire,
676 1393 768 1474 quod
795 1402 888 1456 esset
919 1389 1084 1456 attractio
1106 1403 1142 1456 et
1166 1393 1255 1456 sicut
1281 1393 1412 1458 evulsio

289 1489 487 1552 interiorum
500 1509 586 1570 quae
602 1489 728 1552 mentis
741 1507 849 1563 meae,
863 1489 913 1550 ita
929 1489 1068 1570 spiritus
1082 1489 1148 1552 mei
1161 1509 1182 1552 a
1194 1509 1336 1571 corpore
1348 1508 1357 1566 ;
1376 1495 1412 1551 et

289 1581 416 1647 dictum
435 1584 526 1668 quod
545 1583 610 1647 hoc
630 1604 651 1646 a
670 1583 839 1660 Domino;
864 1591 900 1646 et
919 1583 1011 1665 quod
1031 1583 1111 1646 inde
1130 1581 1341 1648 resurrectio.

352 1693 457 1762 45⁰·
487 1677 574 1742 Cum
605 1678 720 1760 angeli
744 1677 914 1741 caelestes
938 1679 1029 1760 apud
1052 1679 1294 1742 resuscitatum
1319 1687 1410 1755 sunt,

290 1794 357 1838 non
381 1773 577 1856 relinquunt
601 1793 690 1849 eum,
711 1773 789 1856 quia
808 1775 1069 1858 unumquemvis
1088 1782 1228 1852 amant;
1248 1774 1310 1838 sed
1333 1793 1411 1837 cum

289 1871 425 1952 spiritus
442 1868 522 1932 talis
538 1878 591 1932 est
608 1877 646 1932 ut
665 1869 699 1931 in
716 1867 916 1932 caelestium
932 1869 1135 1949 angelorum
1153 1869 1326 1932 consortio
1342 1888 1411 1932 non

288 1965 434 2046 amplius
453 1984 529 2026 esse
548 1965 671 2046 possit,
691 1973 773 2026 tunc
793 1962 851 2026 ille
870 1963 915 2026 ab
937 1963 976 2025 iis
996 1964 1175 2028 discedere
1194 1974 1295 2042 avet;
1320 1963 1410 2046 quod

288 2079 364 2124 cum
380 2059 430 2134 fit,
443 2060 586 2122 veniunt
602 2057 718 2140 angeli
737 2079 756 2121 e
772 2076 881 2139 regno
896 2058 1064 2139 spirituali
1081 2059 1231 2134 Domini,
1249 2078 1309 2140 per
1325 2078 1411 2140 quos

288 2154 390 2218 datur
419 2153 449 2217 ei
479 2174 579 2216 usura
609 2153 705 2229 lucis,
735 2171 814 2215 nam
846 2152 938 2235 prius
968 2152 1052 2216 nihil
1081 2153 1180 2229 vidit,
1209 2152 1269 2217 sed
1299 2152 1410 2216 solum

289 2249 478 2330 cogitavit:
504 2258 683 2311 ostensum
700 2267 835 2330 quoque
853 2257 909 2310 est
928 2247 1103 2330 quomodo
1122 2247 1188 2311 hoc
1208 2247 1256 2311 fit.
1302 2246 1410 2310 Vide·

288 2345 413 2407 bantur
442 2343 558 2424 angeli
585 2343 635 2406 illi
664 2344 760 2426 quasi
790 2341 952 2406 evolvere
980 2342 1132 2406 tunicam
1163 2343 1252 2406 oculi
1282 2342 1410 2405 sinistri

287 2459 406 2502 versus
422 2447 559 2519 septum
577 2439 661 2513 nasi,
675 2446 712 2500 ut
727 2437 915 2518 aperiretur
927 2436 1057 2513 oculus,
1072 2447 1107 2502 et
1124 2438 1262 2502 daretur
1274 2437 1409 2515 videre;

287 2535 425 2618 spiritus
449 2553 517 2596 non
540 2533 641 2596 aliter
663 2533 856 2614 appercipit
880 2551 981 2614 quam
1001 2533 1092 2614 quod
1112 2533 1163 2595 ita
1181 2531 1251 2607 liat,
1272 2531 1333 2595 sed
1356 2541 1410 2594 est

287 2629 500 2712 apparentia.
545 2627 631 2692 Cum
658 2629 769 2690 visum
799 2637 854 2692 est
885 2626 1056 2690 evolvisse
1079 2628 1242 2701 tunicam,
1266 2635 1410 2708 apparet

287 2725 460 2807 quoddam
477 2723 626 2786 lucidum
642 2723 703 2786 sed
720 2722 913 2798 obscurum,
927 2723 1023 2804 quasi
1038 2722 1119 2785 dum
1132 2722 1237 2786 homo
1252 2722 1286 2784 in
1303 2722 1409 2802 prima

287 2820 404 2900 vigilia
423 2839 484 2900 per
500 2817 681 2900 palpebras
701 2814 858 2898 spectum
881 2816 946 2879 huc
965 2817 1113 2880 lucidum
1130 2817 1312 2880 obscurum
1329 2817 1409 2880 mihi

287 2916 396 2977 visum
413 2925 467 2978 est
483 2913 607 2976 caloris
623 2911 805 2990 caelestis;
829 2913 890 2976 sed
907 2911 984 2974 dein
1002 2909 1143 2988 dicium,
1159 2911 1251 2994 quod
1268 2911 1333 2974 hoc
1350 2910 1409 2976 fiat

287 3029 364 3072 cum
383 3010 562 3073 varietate.
609 3007 736 3070 Postea
756 3009 905 3071 sentitur
923 3027 943 3069 e
962 3007 1047 3070 lacie
1066 3007 1239 3089 quoddam
1259 3005 1409 3070 molliter

287 3105 410 3180 evolvi,
430 3124 498 3186 quo
521 3099 612 3166 lacto
635 3102 807 3166 inducitur
829 3102 1000 3184 cogitatio
1020 3102 1224 3183 spiritualis:
1256 3100 1409 3164 evolutio

287 3199 345 3262 illa
364 3219 383 3262 e
402 3197 487 3263 facie
505 3198 610 3261 etiam
630 3207 684 3260 est
703 3197 918 3280 apparentia,
939 3216 1019 3260 nam
1038 3217 1098 3279 per
1116 3197 1150 3258 id
1169 3206 1409 3278 repraesenta·

213 3341 229 3360 f
287 3305 343 3358 tur
352 3295 443 3376 quod
456 3315 476 3357 a
489 3293 705 3374 cogitatione
722 3293 871 3356 naturali
887 3294 921 3356 in
935 3293 1183 3374 cogitationem
1197 3291 1408 3372 spiritualem

287 3392 414 3454 veniat.
458 3389 593 3454 Cavent
620 3389 736 3470 angeli
766 3407 900 3452 summa
930 3408 1046 3470 opera,
1070 3409 1113 3452 ne
1143 3387 1256 3470 aliqua
1282 3387 1360 3451 idea
1389 3407 1408 3450 a

287 3486 492 3550 resuscitato
508 3485 636 3560 veniat,
651 3486 715 3547 nisi
731 3503 817 3566 quae
834 3485 925 3565 sapit
942 3505 988 3547 ex
1004 3503 1131 3546 amore.
1175 3481 1273 3544 Tunc
1290 3482 1408 3546 dicunt

287 3582 318 3644 ei
340 3580 432 3662 quod
455 3581 500 3642 sit
531 3579 681 3661 spiritus.
727 3577 859 3658 Angeli
889 3577 1094 3659 spirituales,
1119 3586 1302 3659 postquam
1326 3577 1408 3640 data

287 3684 340 3739 est
364 3675 449 3738 lucis
472 3695 583 3748 usura,
605 3693 697 3736 novo
719 3673 852 3755 spiritui
874 3674 991 3736 omnia
1013 3671 1135 3746 officia,
1157 3691 1243 3754 quae
1266 3690 1407 3753 usquam

183 3799 187 3805 ·
286 3770 482 3833 desiderare
501 3769 534 3831 in
557 3767 619 3831 illo
638 3777 734 3831 statu
754 3776 882 3850 potest,
903 3775 1093 3850 praestant,
1114 3786 1153 3829 ac
1173 3766 1345 3830 instruunt
1365 3766 1408 3829 de

286 3864 353 3928 illis
372 3885 459 3948 quae
478 3872 559 3927 sunt
582 3863 616 3925 in
636 3863 748 3926 altera
766 3863 849 3938 vita,
870 3863 931 3925 sed
950 3871 1115 3945 quantum
1135 3881 1259 3943 capere
1278 3871 1407 3942 potest.

287 3961 338 4024 At
361 3961 477 4023 sinon
501 3958 581 4021 talis
604 3967 717 4022 estut
740 3958 861 4020 instrui
880 3956 977 4031 velit,
998 3966 1079 4019 tunc
1103 3955 1327 4018 resuscitatus
1349 3973 1407 4017 cu-

286 4057 337 4138 pit
355 4057 399 4118 ab
414 4053 616 4136 angelorum
632 4053 767 4116 illorum
784 4051 978 4130 consortio;
1002 4052 1063 4114 sed
1083 4071 1188 4132 usque
1204 4049 1319 4131 angeli
1339 4069 1407 4113 non

287 4152 481 4233 relinquunt
505 4149 613 4224 illum,
633 4167 752 4212 verum
781 4147 809 4211 is
838 4168 876 4210 se
902 4146 1068 4210 dissociat
1097 4145 1141 4208 ab
1169 4144 1259 4222 illis;
1293 4144 1407 4226 angeli

286 4247 376 4308 enim
395 4244 656 4327 unumquemvis
674 4252 803 4318 amant,
820 4251 856 4306 et
876 4241 959 4305 nihil
978 4241 1069 4324 prius
1087 4239 1284 4304 desiderant
1306 4257 1406 4321 quam

286 4339 397 4404 officia
420 4349 608 4422 praestare,
632 4339 811 4413 instruere,
836 4345 872 4402 et
893 4336 1025 4400 aulerre
1053 4337 1088 4398 in
1111 4333 1270 4411 caelum;
1301 4333 1335 4396 in
1365 4353 1406 4397 eo

286 4453 404 4499 eorum
427 4453 561 4498 summa
583 4431 772 4498 deledtatio
795 4431 966 4496 consistit.
1010 4427 1155 4512 Spiritus
1184 4447 1262 4493 cum
1292 4449 1329 4492 se
1358 4429 1406 4492 sic

286 4529 462 4606 dissociat,
480 4531 652 4612 excipitur
670 4549 690 4593 a
709 4527 881 4611 spiritibus
897 4526 1007 4601 bonis,
1024 4526 1058 4590 in
1075 4543 1217 4608 quorum
1234 4523 1406 4586 consortio

286 4643 363 4689 cum
380 4633 445 4702 est,
462 4626 566 4689 etiam
582 4625 612 4688 ei
632 4625 747 4688 omnia
763 4621 875 4687 officia
891 4629 1127 4704 praestantur:
1151 4629 1188 4684 at
1205 4619 1232 4682 si
1247 4619 1319 4682 vita
1334 4615 1405 4700 ejus
