3350 5366
314 677 374 743 342
651 677 703 730 DE
724 677 851 730 cnuto
874 679 925 730 ET
947 679 1129 734 lornano.

310 845 486 912 internum
509 845 657 912 hominis
679 867 740 913 seu
762 848 1016 932 cogitationem
1045 851 1090 916 ad
1115 873 1178 918 sua
1200 851 1358 936 objectu
1389 855 1440 921 ita

311 961 410 1006 amor
427 943 478 1006 sui
497 943 541 1008 ad
560 963 597 1006 se
615 953 651 1008 et
669 963 743 1020 sua,
762 963 858 1010 amor
874 947 991 1012 mundi
1013 947 1058 1010 ad
1077 949 1262 1024 mundana,
1282 959 1319 1014 et
1342 969 1449 1015 amor*

311 1035 401 1102 caeli
431 1038 475 1102 ad
498 1038 690 1104 caelestia:
724 1060 770 1104 ex
791 1041 914 1124 quibus
934 1043 1011 1106 seiri
1029 1053 1160 1124 potest,
1180 1044 1214 1106 in
1234 1045 1326 1127 quali
1344 1056 1440 1112 statu

310 1143 393 1198 sont
415 1133 579 1198 interiora
601 1134 750 1198 hominis
772 1155 860 1218 quae
883 1138 1010 1201 mentis
1034 1137 1107 1220 ejus
1133 1149 1226 1214 sunt,
1251 1141 1333 1204 dum
1357 1159 1441 1224 cog-

311 1229 466 1293 noscitur
488 1227 560 1311 ejus
582 1231 802 1312 amor3quod
825 1251 952 1313 nempe
977 1233 1035 1315 qui
1058 1233 1193 1298 caelum
1219 1246 1336 1313 amat;
1366 1235 1438 1317 ejus

311 1325 477 1388 interiora
496 1325 636 1389 elevata
654 1325 725 1389 siut
748 1345 868 1390 versus
891 1326 1038 1402 caelum,
1057 1348 1098 1391 ac
1122 1332 1280 1412 superius
1299 1341 1439 1412 aperta;

312 1421 370 1504 qui
389 1420 553 1484 mundum
573 1431 609 1484 et
628 1419 685 1503 qui
703 1430 815 1484 semet
834 1431 941 1498 amat,
959 1422 1051 1505 quod
1070 1421 1142 1504 ejus
1158 1423 1322 1488 interiora
1337 1443 1439 1506 supe-

310 1515 380 1578 rins
400 1515 469 1578 sint
488 1514 617 1592 clausa,
635 1535 674 1579 ac
694 1517 850 1581 exterius
866 1527 1006 1598 aperta:
1030 1517 1112 1581 inde
1128 1519 1290 1584 concludi
1310 1530 1439 1602 potest,

311 1609 406 1692 quod
429 1609 457 1672 si
480 1610 655 1692 superiora
678 1629 767 1694 quae
790 1611 918 1674 mentis
941 1621 1023 1676 sunt
1045 1614 1201 1692 superius
1219 1613 1337 1678 clausa
1358 1615 1439 1690 sint,

311 1705 420 1768 homo
448 1723 517 1768 non
545 1704 692 1786 amplius
721 1705 839 1770 videre
869 1707 978 1788 possit
1008 1704 1143 1788 objecta
1172 1729 1259 1791 quae
1289 1708 1376 1772 caeli
1402 1719 1440 1773 et

312 1801 484 1865 ecclesiae
507 1810 600 1876 sunt,
624 1810 660 1864 et
683 1801 776 1883 quod
807 1822 849 1865 ea
877 1803 948 1866 sint
972 1803 1061 1884 apud
1084 1803 1182 1866 illurn
1209 1805 1243 1866 in
1267 1803 1439 1886 caligine;

312 1905 347 1960 et
365 1915 453 1979 quae
476 1896 511 1958 in
529 1895 679 1978 caligine
698 1905 778 1960 sunt
797 1895 853 1960 vel
873 1907 1046 1978 negantur
1063 1896 1120 1961 vei
1144 1917 1214 1962 non
1234 1898 1437 1980 intelligun-

310 2000 375 2054 tur.
421 1991 507 2054 Inde
529 1999 594 2066 est,
619 1992 710 2074 quod
733 1990 783 2054 iiii
805 1991 862 2074 qui
884 2001 1004 2056 amant
1027 2013 1065 2055 se
1087 2002 1124 2056 et
1147 1994 1312 2056 mundum
1336 2014 1440 2076 super

310 2087 438 2162 omnia,
454 2087 534 2169 quia
552 2087 642 2168 apud
657 2085 736 2150 illos
752 2088 927 2168 superiora
943 2089 1070 2151 mentis
1087 2088 1204 2152 clausa
1221 2099 1312 2163 sunt,
1330 2087 1437 2152 corde

311 2189 442 2263 negent
466 2181 591 2244 Divina
608 2200 709 2258 vera;
741 2191 779 2245 et
808 2182 836 2244 si
866 2182 995 2264 aliquid
1024 2182 1068 2246 de
1097 2183 1165 2247 illis
1195 2203 1240 2246 ex
1270 2185 1436 2248 memoria

311 2275 506 2358 loquuntur,
524 2297 630 2358 usque
648 2295 719 2339 non
734 2275 936 2358 intelligant
952 2298 960 2356 ;
983 2273 1145 2358 speciant
1161 2277 1266 2340 etiam
1286 2277 1345 2340 ilia
1364 2297 1433 2341 non

310 2370 412 2436 aliter
430 2390 532 2453 quam
551 2368 711 2452 spectant
730 2371 904 2435 mundana
921 2381 958 2435 et
976 2391 1164 2452 corporea:
1189 2383 1224 2434 et
1248 2373 1325 2454 quia
1344 2373 1434 2436 tales

311 2475 403 2542 sunt,
424 2485 494 2530 non
513 2466 606 2530 aliud
624 2487 760 2530 versare
780 2475 924 2548 possunt
941 2467 1067 2542 animo,
1084 2487 1187 2550 quam
1203 2487 1291 2549 quae
1306 2468 1438 2532 intrant

311 2581 372 2644 per
387 2580 508 2624 sensus
524 2561 687 2642 corporis,
701 2561 823 2643 quibus
836 2561 942 2624 etiam
958 2560 1071 2625 solum
1084 2559 1321 2626 delectantur:
1347 2563 1439 2626 inter

311 2677 400 2740 quae
418 2658 523 2720 etiarn
540 2665 619 2720 sunt
640 2656 749 2720 multa
767 2677 854 2739 quae
873 2677 1008 2740 quoque
1023 2677 1158 2739 spurca,
1176 2657 1338 2733 obscena,
1356 2677 1452 2739 pro··

310 2749 400 2826 iana,
420 2761 456 2815 et
486 2751 678 2815 facinorosa
703 2761 795 2827 sunt,
826 2771 915 2834 quae
943 2771 1005 2815 nec
1031 2751 1156 2815 abduci
1185 2763 1330 2834 possunt
1356 2753 1437 2836 quia

312 2846 403 2928 apud
426 2845 504 2910 illos
528 2865 596 2910 non
621 2845 769 2909 influxus
790 2845 893 2909 datur
922 2865 941 2909 e
964 2845 1064 2910 caelo
1090 2847 1124 2909 in
1152 2857 1286 2910 mentes
1304 2867 1433 2922 eorum,

311 2943 472 3026 quoniam
489 2941 555 3006 hae
572 2941 726 3024 superius
745 2949 825 3006 sunt
842 2939 990 3016 clausae,
1008 2950 1046 3006 ut
1064 2939 1272 3006 dictumest.
1316 2942 1436 3006 Inten-

311 3037 363 3102 tio
380 3035 538 3112 hominis,
558 3057 604 3100 ex
624 3057 691 3120 qua
708 3035 960 3100 determinatur
976 3037 1068 3100 visus
1085 3037 1239 3102 internus
1258 3057 1319 3100 seu
1337 3037 1434 3120 cogi-

313 3133 404 3198 tatio
427 3131 509 3214 ejus,
527 3143 581 3196 est
605 3131 675 3214 ejus
698 3130 882 3209 voiuntas3
915 3150 993 3194 narn
1017 3131 1109 3214 quod
1132 3129 1238 3195 homo
1259 3131 1344 3207 vult,
1368 3131 1437 3196 hoc

312 3228 474 3302 intendit,
495 3238 531 3291 et
550 3227 641 3310 quod
660 3227 812 3290 intendit
831 3225 897 3290 hoc
918 3227 1071 3308 cogitat:
1100 3237 1311 3310 quapropter
1333 3227 1361 3290 si
1383 3227 1436 3290 in·
1469 3285 1472 3290 .

313 3324 427 3388 tendit
450 3323 595 3397 caelum,
620 3321 701 3386 iiiuc
730 3323 979 3385 determinatur
1003 3323 1174 3404 cogitatio
1197 3321 1279 3404 ejus,
1299 3330 1335 3386 et
1359 3341 1437 3386 cum

310 3419 371 3484 iila
390 3429 468 3483 tota
484 3438 581 3482 mens
600 3416 683 3500 ejus,
697 3437 784 3500 quae
803 3417 851 3480 sic
871 3417 905 3480 in
924 3415 1023 3480 cneio
1039 3426 1115 3480 est:
1140 3417 1221 3480 inde
1240 3417 1320 3479 dein
1336 3435 1436 3498 spec·

311 3525 365 3579 tat
381 3513 452 3590 illa,
467 3533 554 3596 quae
571 3511 687 3576 mundi
703 3521 796 3586 sunt,
810 3511 897 3574 inira
913 3531 962 3584 se,
977 3511 1064 3574 sicut
1080 3511 1136 3594 qui
1153 3531 1173 3575 e
1190 3508 1286 3575 tedio
1302 3511 1435 3577 domus.

312 3609 398 3673 Inde
413 3620 478 3684 est,
496 3607 588 3692 quod
609 3607 726 3682 homo,
743 3608 797 3670 cui
815 3615 939 3688 aperta
957 3615 1038 3668 sunt
1054 3605 1219 3670 interiora
1235 3625 1321 3688 quae
1337 3625 1436 3668 men·

311 3707 355 3769 tis
374 3702 445 3786 ejus
464 3713 555 3779 sunt,
576 3703 686 3786 possit
704 3701 821 3766 videre
841 3699 932 3764 mala
951 3709 987 3763 et
1005 3699 1092 3764 salsa
1110 3721 1198 3784 quae
1216 3700 1307 3783 apud
1326 3699 1434 3775 ilium,

312 3818 392 3862 narn
421 3797 508 3862 haec
538 3797 624 3862 inira
646 3806 800 3861 mentem
831 3794 1047 3878 spiritualem
1071 3804 1175 3874 sunt;
1209 3807 1246 3858 et
1272 3795 1434 3870 vicissim,

312 3893 403 3976 quod
422 3893 539 3967 homo,
556 3891 610 3956 cui
629 3911 696 3956 non
715 3891 881 3955 interiora
899 3899 1021 3971 aperta
1040 3899 1133 3961 sunt.
1153 3909 1222 3953 non
1239 3889 1356 3953 videre
1374 3909 1437 3954 sua

314 3988 406 4054 mala
427 3998 465 4052 et
494 3987 581 4052 salsa
602 3987 724 4070 possit,
747 3987 828 4070 quia
852 3987 885 4050 in
909 3984 978 4048 iliis
1001 3995 1067 4058 est,
1086 3993 1123 4048 et
1150 4003 1219 4048 non
1244 4004 1346 4067 supra
1367 3983 1436 4048 illa.

313 4083 369 4148 Ex
387 4084 439 4148 his
456 4081 615 4147 concludi
632 4091 763 4164 potest,
776 4081 867 4144 unde
883 4091 937 4144 est
953 4080 1123 4161 sapientia
1135 4078 1275 4148 homini.
1289 4089 1325 4142 et
1345 4078 1436 4142 unde

313 4181 344 4245 ei
373 4179 527 4258 insania;
560 4188 633 4243 tum
657 4176 767 4260 qualis
798 4175 904 4240 homo
934 4175 1064 4238 iuturus
1093 4183 1172 4257 post
1196 4183 1356 4246 mortem.
1380 4172 1437 4236 ubi

312 4273 515 4358 relinquitur
530 4273 621 4338 velie
639 4282 675 4338 et
694 4273 860 4354 cogitare,
878 4281 952 4334 tum
969 4289 1071 4351 agere
1087 4280 1124 4334 et
1140 4268 1233 4352 ioqui
1249 4268 1437 4332 secundum

312 4372 477 4436 interiora
496 4389 565 4434 sua.
612 4367 708 4432 Haec
728 4387 865 4450 quoque
889 4362 982 4429 dicta
1004 4373 1097 4438 sunt,
1118 4373 1156 4428 ut
1177 4365 1306 4428 sciatur
1324 4363 1436 4446 qualis

312 4466 418 4531 homo
440 4466 584 4531 interius
610 4473 676 4540 est,
700 4473 876 4546 utcunque
898 4469 1045 4544 apparet
1066 4458 1168 4524 alteri
1190 4459 1311 4522 similis
1334 4467 1435 4522 exte-

314 4563 392 4626 rius.

377 4669 477 4742 533.
509 4653 610 4738 Quod
642 4673 710 4720 non
739 4663 812 4720 tam
840 4649 979 4717 difficile
1008 4651 1053 4716 sit
1082 4669 1186 4734 agere
1212 4650 1322 4716 vitam
1351 4647 1438 4714 caeli
