3368 5356
395 628 553 682 essum
572 629 613 680 m
633 627 785 680 umores
805 627 951 692 sonus,
972 627 1021 678 ur
1040 627 1081 678 ιιι
1101 627 1260 679 mmmm.
1348 631 1389 700 37

270 823 341 868 non
359 803 453 887 quod
470 802 717 868 dissimilitudo
735 801 795 867 illa
813 801 859 866 sit
877 801 912 865 in
932 801 1095 876 Domino,
1105 800 1174 864 sed
1193 800 1227 864 in
1246 799 1314 866 illis
1332 804 1388 885 qui

266 899 387 964 vident
403 898 520 983 Ipsum
536 919 582 962 ex
598 919 660 962 suo
675 897 778 974 bono,
796 898 846 962 ita
861 897 1050 962 secundum
1066 896 1150 960 illud
1164 917 1172 976 ;
1196 893 1390 960 afficiuntur

267 995 372 1058 etiam
397 991 479 1076 lpso
500 994 576 1058 viso
598 993 787 1058 secundum
806 991 907 1075 quale
930 992 981 1056 sui
1008 992 1154 1070 amoris;
1186 991 1242 1075 qui
1268 991 1390 1055 intime

268 1099 386 1154 amant
409 1089 537 1172 Ipsum,
557 1089 678 1152 intime
700 1087 903 1163 afficiuntur,
924 1088 980 1170 qui
1004 1088 1116 1150 minus
1139 1095 1258 1150 amant
1278 1087 1390 1150 minus

267 1183 481 1262 afficiuntur3
512 1183 594 1247 mali
617 1185 673 1266 qui
696 1193 799 1248 extra
816 1183 950 1246 caelum
974 1192 1066 1257 sunt,
1087 1182 1131 1246 ad
1154 1182 1389 1264 praesentiam
1481 1177 1483 1181 ’

268 1279 379 1361 Ipsius
394 1278 598 1342 cruciantur.
645 1276 731 1342 Cum
747 1277 916 1342 Dominus
931 1285 1075 1360 apparet
1094 1276 1128 1340 in
1147 1276 1261 1359 aliqua
1277 1277 1388 1339 socie·

268 1382 353 1447 tate,
370 1381 514 1455 apparet
534 1372 580 1436 ibi
599 1382 637 1436 ut
656 1371 836 1455 Angelus;
863 1372 925 1436 sed
941 1372 1157 1454 dignoscitur
1174 1371 1219 1434 ab
1237 1371 1312 1434 aliis
1329 1389 1390 1453 per

268 1466 430 1530 Divinum
448 1467 540 1550 quod
559 1467 761 1532 translucet.

329 1565 404 1647 56.
433 1561 576 1627 Caelum
599 1564 703 1626 etiam
728 1572 793 1638 est,
814 1563 870 1626 ubi
893 1562 1063 1627 Dominus
1081 1562 1293 1645 agnoscitur,
1314 1581 1389 1624 cre-

266 1659 369 1732 ditur,
389 1667 424 1722 et
444 1666 599 1735 amatur;
623 1659 773 1721 varietas
793 1658 907 1722 cultus
926 1658 1037 1741 Ipsius
1056 1677 1104 1722 ex
1119 1659 1289 1721 varietate
1308 1655 1390 1720 boni

266 1756 300 1817 in
316 1755 486 1818 societate
501 1773 569 1816 una
584 1762 620 1816 et
636 1752 758 1828 altera,
773 1773 842 1816 non
858 1753 924 1818 sert
940 1754 1116 1827 damnum,
1134 1754 1194 1817 sed
1210 1753 1276 1816 fert
1292 1771 1389 1816 emo·

268 1849 481 1926 iumentum
506 1867 585 1910 nam
605 1843 769 1929 persedlio
788 1848 874 1912 caeli
898 1849 979 1912 inde
998 1857 1062 1912 est.
1105 1845 1207 1930 Quod
1227 1845 1390 1930 perfectio

267 1943 353 2008 caeli
376 1943 455 2006 inde
482 1943 538 2016 sit,
556 1962 659 2024 aegre
686 1943 729 2006 ad
757 1953 897 2024 captum
921 1943 1087 2026 explicari
1110 1952 1240 2025 potest,
1261 1943 1324 2006 nisi
1355 1943 1389 2006 in

268 2055 367 2119 opem
387 2035 617 2100 adhibeantur
636 2057 741 2100 voces
760 2039 793 2100 in
814 2038 968 2102 litterato
987 2038 1069 2102 orbe
1078 2035 1255 2102 sollennes
1266 2045 1302 2100 et
1321 2036 1388 2098 usi·

267 2141 372 2206 tatae,
396 2141 433 2195 et
464 2151 524 2214 per
550 2131 628 2194 illas
650 2141 846 2214 exponatur
868 2133 1043 2215 quomodo
1066 2153 1169 2196 unum
1192 2131 1283 2214 quod
1311 2150 1389 2212 per-

267 2223 392 2290 fectum
411 2247 456 2290 ex
479 2227 582 2292 variis
600 2226 785 2290 formatur:
818 2247 921 2290 omne
939 2247 1041 2290 unum
1065 2249 1110 2290 ex
1135 2228 1237 2289 variis
1256 2225 1387 2300 existit,

244 2361 249 2372 ·
268 2339 346 2384 nam
365 2340 480 2395 unum,
494 2322 585 2404 quod
606 2340 675 2384 non
691 2342 736 2384 ex
756 2323 867 2396 variis,
882 2341 951 2384 non
970 2331 1024 2385 est
1044 2320 1182 2404 aliquid,
1196 2341 1265 2384 non
1282 2321 1389 2384 habet

267 2416 422 2490 sormam,
435 2425 471 2480 et
485 2417 563 2480 ideo
578 2436 647 2480 non
660 2416 766 2480 habet
779 2416 880 2499 quale
893 2437 900 2480 ι
925 2437 1002 2480 cum
1015 2426 1132 2480 autem
1145 2435 1248 2480 unum
1265 2417 1389 2480 existit

268 2531 312 2573 ex
332 2512 443 2586 variis,
457 2521 493 2575 et
513 2513 605 2575 varia
621 2521 701 2576 sunt
720 2512 754 2574 in
774 2511 882 2575 forma
899 2510 1059 2594 perfetta,
1077 2513 1110 2575 in
1127 2532 1193 2594 qua
1209 2511 1389 2594 quodlibet

268 2604 423 2688 adjungit
446 2627 484 2669 se
513 2606 615 2670 alteri
638 2617 675 2671 ut
703 2608 850 2670 amicum
873 2609 1096 2670 consentiens
1122 2608 1155 2672 in
1183 2608 1281 2682 serie,
1306 2616 1388 2670 tunc

267 2700 372 2766 habet
389 2699 490 2782 quale
509 2699 715 2784 perledtum:
740 2701 874 2781 caelum
893 2703 999 2766 etiam
1016 2711 1070 2766 est
1092 2721 1195 2766 unum
1219 2723 1264 2766 ex
1288 2702 1390 2764 variis

267 2797 301 2858 in
324 2794 604 2878 perled’tissimam
623 2797 768 2860 formam
787 2799 977 2876 ordinatis;
1002 2817 1080 2861 nam
1099 2797 1209 2860 forma
1228 2797 1390 2861 caelestis

269 2901 322 2954 est
349 2893 500 2955 omnium
527 2891 710 2956 formarum
738 2891 994 2975 perfectissima.
1042 2891 1144 2975 Quod
1172 2895 1283 2956 omnis
1312 2911 1388 2974 per-

268 2985 468 3050 restuinus
490 2987 548 3063 sit,
569 2997 667 3070 patet
691 2988 735 3051 ab
758 2989 851 3051 omni
874 2986 1140 3070 pulchritudine,
1161 2988 1386 3063 amoenitate,

268 3091 304 3146 et
327 3080 556 3162 jucunditate,
580 3103 667 3164 quae
690 3082 842 3146 afficiunt
866 3093 939 3147 tam
962 3103 1082 3147 sensus
1106 3103 1208 3166 quam
1231 3083 1388 3160 animos;

268 3176 346 3240 illae
370 3178 461 3240 enim
484 3197 554 3240 non
577 3177 714 3241 aliunde
738 3180 895 3242 existunt
918 3189 955 3242 et
978 3178 1087 3242 fluunt
1111 3198 1212 3262 quam
1235 3199 1281 3241 ex
1305 3197 1389 3240 con·

269 3281 372 3335 centu
391 3281 427 3336 et
445 3271 624 3336 harmonia
643 3272 789 3355 plurium
808 3274 1093 3338 concordantium
1113 3282 1148 3338 et
1168 3275 1389 3338 consentien-

268 3367 364 3440 tium,
385 3367 457 3430 sive
480 3387 522 3430 ea
544 3367 577 3430 in
601 3367 721 3431 ordine
743 3369 956 3442 coexistant,
977 3369 1050 3433 sive
1072 3369 1106 3431 in
1130 3369 1250 3432 ordine
1266 3389 1389 3434 conse·

268 3469 425 3544 quantur,
439 3469 475 3524 et
494 3480 564 3524 non
583 3481 628 3524 ex
645 3481 714 3524 uno
729 3461 859 3544 absque
872 3462 1042 3545 pluribus:
1068 3463 1148 3526 inde
1161 3463 1285 3526 dicitur
1297 3465 1389 3546 quod

268 3555 418 3618 varietas
437 3553 600 3629 delectet,
621 3565 656 3620 et
681 3558 785 3620 scitur
808 3558 900 3640 quod
923 3555 1111 3622 deledtatio
1134 3557 1178 3622 sit
1202 3559 1392 3624 secundum

269 3649 369 3732 quale
393 3648 472 3730 ejus.
519 3649 576 3714 Ex
599 3650 651 3714 his
674 3652 764 3716 sicut
795 3653 828 3716 in
855 3651 997 3735 speculo
1021 3653 1128 3716 videri
1151 3662 1278 3734 potest,
1299 3655 1390 3718 unde

269 3741 433 3826 perfettio
452 3765 497 3810 ex
516 3747 619 3810 variis
637 3747 693 3820 sit,
713 3749 820 3810 etiam
839 3748 872 3810 in
892 3747 1010 3827 caelo;
1042 3769 1122 3811 nam
1146 3769 1191 3812 ex
1214 3749 1282 3812 illis
1302 3769 1390 3832 quae

269 3840 303 3902 in
322 3840 451 3904 mundo
464 3839 608 3904 naturali
625 3841 793 3917 existunt,
810 3843 899 3907 sicut
916 3843 951 3906 in
967 3841 1108 3926 speculo
1123 3844 1230 3908 videri
1246 3853 1391 3927 possunt

269 3953 356 4017 quae
372 3935 407 3998 in
427 3934 557 3999 mundo
573 3935 815 4018 spiritualilwl

666 4187 705 4238 (ιιι
718 4196 817 4228 Λιωιιι
829 4188 994 4241 umbus)

324 4295 415 4422 (ιι-ᾔ)
434 4293 525 4382 Quod
537 4313 732 4382 omnetunlum
749 4299 790 4354 sit
807 4315 844 4354 ex
860 4299 1016 4356 harmonia
1034 4309 1066 4356 et
1084 4316 1234 4358 consensu
1250 4302 1389 4373 plurium,

333 4385 352 4422 ιι
407 4367 521 4438 ulloqui
535 4385 595 4426 non
608 4379 648 4425 ιιι
661 4386 688 4424 er
701 4370 790 4440 quale
804 4375 846 4438 (n.
855 4371 931 4440 457).

269 4377 300 4422 εἰ
312 4383 414 4562 {uod
427 4437 497 4495 inde
510 4439 682 4495 universum
695 4442 811 4496 caelum
824 4441 864 4496 sit
876 4457 969 4496 unum
984 4442 1025 4511 (n.
1037 4441 1112 4510 457).

349 4518 362 4562 t
374 4509 433 4564 hoc
445 4525 483 4563 ex
495 4524 533 4566 eo
545 4511 626 4582 quod
636 4526 742 4567 omnes
755 4511 795 4566 ibi
806 4510 941 4583 spetlent
952 4529 1044 4567 unum
1055 4511 1154 4575 finem,
1164 4513 1216 4584 qul
1226 4523 1272 4569 est
1285 4513 1391 4568 Domi·

271 4593 328 4634 nus
342 4579 382 4647 (n.
394 4579 488 4650 9828).
