3408 5358
322 665 385 730 290
641 664 691 714 DE
714 659 839 712 cnuto
861 661 910 711 ET
934 659 1114 712 INFERNO.

322 831 463 895 audiunt
486 831 581 895 alios.
626 830 779 894 Locutus
802 831 906 894 etiam
929 851 1003 894 sum
1026 849 1102 894 cum
1125 830 1292 914 aliquibus
1314 832 1369 915 qui
1399 833 1432 895 in

322 927 449 990 mundo
468 927 577 990 multa
598 927 815 1009 scripserunt,
835 934 872 990 et
894 927 1029 1009 quidem
1052 928 1086 989 in
1108 925 1304 990 scientificis
1323 929 1433 990 omnis
1497 1001 1499 1004 ¹

321 1021 467 1103 generis,
485 1029 521 1086 et
540 1022 659 1104 quibus
674 1022 753 1084 inde
769 1021 859 1084 fama
873 1019 1071 1084 eruditionis
1087 1021 1195 1085 fuerat
1212 1041 1272 1103 per
1287 1022 1432 1086 multum

322 1117 422 1179 orbis.
467 1115 583 1198 Aliqui
595 1134 711 1178 eorum
723 1115 859 1198 quidem
872 1115 1065 1178 ratiocinari
1081 1125 1265 1198 potuerunt
1278 1116 1321 1178 de
1333 1117 1432 1191 veris,

323 1230 402 1274 num
425 1231 506 1273 vera
534 1211 603 1274 sint
631 1209 687 1272 vel
717 1229 786 1273 non
815 1229 915 1288 vera;
945 1209 1048 1292 aliqui
1078 1209 1335 1284 intellexerunt,
1356 1229 1433 1273 cum

322 1306 478 1368 conversi
500 1313 579 1367 sunt
602 1304 645 1367 ad
671 1303 750 1367 illos
772 1305 828 1386 qui
854 1305 887 1370 in
916 1303 991 1367 luce
1014 1306 1084 1368 veri
1107 1314 1215 1380 erant,
1240 1305 1330 1386 quod
1353 1323 1434 1367 vera

322 1408 449 1472 essent,
470 1399 530 1460 sed
550 1417 654 1480 usque
674 1417 743 1460 non
761 1398 943 1462 voluerunt
962 1399 1020 1462 illa
1038 1399 1242 1480 intelligere,
1262 1417 1432 1480 quaprop-

322 1505 375 1556 ter
391 1494 567 1574 negabant
586 1492 644 1555 illa
658 1509 736 1555 cum
754 1492 788 1554 in
804 1495 872 1556 suis
887 1493 981 1556 falsis
999 1503 1035 1556 et
1055 1494 1101 1556 sic
1120 1495 1154 1555 in
1174 1511 1209 1555 se
1229 1501 1347 1570 erant;
1371 1492 1433 1555 ali-

322 1589 378 1671 qui
397 1608 466 1651 non
482 1588 558 1670 plus
575 1597 760 1669 sapuerunt
776 1607 877 1669 quam
892 1587 1016 1670 vulgus
1032 1587 1236 1651 ineruditum
1250 1609 1257 1666 ;
1280 1589 1330 1650 ita
1349 1607 1434 1649 unus

322 1693 358 1746 et
381 1683 470 1746 alter
488 1683 728 1756 diversimode,
746 1683 835 1745 sicut
857 1701 917 1764 per
936 1681 1132 1756 scientifica,
1151 1701 1236 1764 quae
1259 1681 1431 1762 conscrip-

265 1797 267 1802 ’
323 1779 366 1842 sit
389 1787 425 1841 et
448 1778 641 1859 exscripsit,
662 1777 815 1840 excoluit
834 1776 1003 1841 rationale
1022 1796 1137 1840 suum:
1169 1775 1218 1840 illi
1240 1788 1355 1840 autem
1378 1777 1434 1858 qui

322 1883 445 1937 contra
463 1893 544 1936 vera
562 1872 728 1935 ecclesiae
745 1871 891 1946 fuerunt,
909 1881 945 1935 et
964 1873 1206 1953 cogitaverunt
1225 1891 1271 1934 ex
1294 1872 1433 1934 scienti·

322 1967 403 2043 ficis,
423 1978 458 2031 et
481 1987 518 2031 se
540 1966 826 2030 confirmaverunt
850 1987 909 2049 per
931 1987 972 2031 ea
994 1968 1027 2030 in
1051 1965 1154 2042 falsis,
1174 1987 1244 2030 non
1266 1967 1434 2030 rationale

322 2081 418 2126 suum
430 2061 666 2137 excoluerunt,
681 2062 742 2125 sed
759 2062 863 2124 modo
877 2061 1078 2124 facultatem
1094 2061 1330 2138 ratiocinandi,
1348 2081 1434 2144 quae

321 2157 466 2220 facultas
482 2157 515 2219 in
532 2156 659 2218 mundo
674 2155 824 2219 creditur
835 2175 911 2218 esse
923 2155 1159 2234 rationalitas;
1183 2156 1244 2220 sed
1260 2165 1313 2220 est
1329 2156 1434 2220 facul-

322 2263 377 2316 tas
389 2261 548 2333 separata
560 2271 580 2313 a
592 2249 847 2328 rationalitate;
867 2261 921 2315 est
933 2251 1078 2314 facultas
1090 2250 1313 2314 confirmandi
1325 2251 1434 2333 quod·

322 2365 453 2428 cunque
472 2345 578 2419 lubet,
598 2354 634 2408 et
658 2365 704 2408 ex
723 2345 894 2426 principiis
913 2346 1022 2428 captis
1040 2354 1076 2409 et
1095 2365 1140 2408 ex
1158 2344 1301 2408 fallaciis
1319 2345 1434 2408 videre

322 2440 407 2503 falsa
421 2450 457 2502 et
474 2459 542 2503 non
558 2458 658 2502 vera:
682 2439 771 2502 tales
784 2457 949 2520 nusquam
965 2439 1072 2521 redigi
1089 2449 1232 2520 possunt
1248 2440 1291 2503 ad
1308 2459 1435 2522 agnos·

323 2535 470 2599 cendum
488 2553 580 2608 vera,
600 2535 761 2616 quoniam
784 2553 829 2596 ex
852 2533 945 2596 falsis
968 2553 1036 2596 non
1055 2533 1161 2596 videri
1181 2545 1324 2615 possunt
1343 2553 1433 2608 vera,

322 2632 383 2694 sed
406 2651 450 2694 ex
473 2631 562 2692 veris
580 2638 725 2710 possunt
744 2628 851 2692 videri
873 2628 968 2692 falsa.
1014 2627 1198 2692 Rationale
1215 2628 1362 2692 hominis
1380 2639 1435 2692 est

322 2724 432 2788 simile
451 2723 553 2787 horto
571 2733 608 2786 et
626 2723 758 2796 fimeto,
775 2732 813 2786 ut
835 2731 872 2785 et
891 2722 1024 2786 novali:
1048 2724 1212 2788 memoria
1228 2732 1282 2786 est
1301 2723 1433 2798 humus,

322 2841 403 2884 vera
421 2818 609 2883 scientifica
626 2828 662 2882 et
686 2819 904 2899 cognitiones
923 2828 1001 2882 sunt
1020 2820 1170 2897 semina;
1200 2818 1261 2882 lux
1284 2827 1319 2882 et
1342 2818 1436 2882 calor

322 2915 409 2978 caeli
428 2914 631 2997 producunt,
651 2913 780 2994 absque
801 2913 867 2976 illis
890 2912 984 2976 nulla
1002 2913 1247 2994 egerminatio:
1278 2913 1328 2978 ita
1350 2933 1434 2996 quo·

322 3029 386 3092 que
408 3008 447 3073 fit
470 3010 533 3072 nisi
555 3008 616 3071 lux
639 3007 724 3072 caeli
748 3027 834 3089 quae
857 3017 912 3072 est
935 3007 1095 3072 Divinum
1118 3007 1259 3084 Verum,
1279 3028 1318 3072 ac
1342 3008 1436 3072 calor

322 3103 409 3168 caeli
422 3105 479 3186 qui
498 3113 551 3166 est
569 3103 711 3165 Divinus
728 3101 848 3178 Amor,
865 3103 1113 3180 admittuntur3
1137 3122 1183 3166 ex
1201 3102 1267 3166 illis
1284 3102 1366 3166 solis
1381 3111 1436 3167 est

323 3198 501 3262 rationale.
546 3197 675 3261 Dolent
707 3215 810 3280 quam
845 3197 996 3260 maxime
1029 3196 1155 3278 angeli,
1187 3197 1278 3279 quod
1312 3197 1436 3261 eruditi

322 3293 436 3379 quoad
452 3292 596 3356 multam
613 3299 746 3374 partem
763 3302 905 3356 naturae
920 3292 1118 3355 adscribant
1140 3293 1265 3367 omnia,
1285 3301 1322 3356 et
1344 3292 1435 3374 quod

322 3388 401 3452 inde
424 3387 630 3451 occluserint
653 3387 715 3450 sibi
738 3387 900 3450 interiora
922 3406 1008 3468 quae
1031 3385 1157 3449 mentis
1175 3405 1266 3461 suae,
1290 3393 1328 3450 ut
1352 3385 1436 3449 nihil

323 3483 393 3546 veri
408 3502 453 3544 ex
469 3481 545 3545 luce
560 3482 641 3556 veri,
658 3501 722 3563 que
739 3491 792 3545 est
809 3480 869 3544 lux
888 3480 984 3554 caeli,
1001 3480 1116 3543 videre
1131 3481 1286 3562 possint:
1311 3481 1436 3544 orban-

322 3586 377 3640 tur
399 3577 477 3640 ideo
500 3576 534 3639 in
557 3575 667 3640 altera
688 3576 762 3640 vita
778 3574 943 3640 facultate
962 3575 1195 3650 ratiocinandi,
1214 3595 1256 3638 ne
1279 3575 1436 3639 dissemi-

324 3681 408 3735 nent
418 3671 506 3734 falsa
517 3691 577 3752 per
588 3671 766 3734 ratiocinia
779 3670 868 3733 inter
880 3669 1052 3751 simplices
1064 3670 1185 3745 bonos,
1199 3677 1236 3732 et
1248 3669 1413 3732 seducant
1427 3690 1435 3747 ;

323 3785 362 3830 ac
383 3767 565 3829 mittuntur
584 3765 618 3828 in
637 3765 713 3829 loca
732 3765 878 3828 deserta.
1083 3763 1085 3765 ’

385 3861 490 3943 465.
519 3858 668 3941 Quidam
687 3859 824 3940 spiritus
842 3859 1041 3940 indignatus
1060 3859 1150 3941 quod
1174 3879 1242 3924 non
1262 3859 1436 3923 meminis-

324 3965 376 4020 set
389 3957 534 4038 plurium
546 3975 631 4037 quae
648 3955 682 4016 in
695 3955 767 4017 vita
778 3953 928 4036 corporis
939 3955 1047 4030 novit,
1061 3953 1182 4018 dolens
1195 3953 1240 4018 ob
1251 3950 1436 4033 jucundum

323 4051 413 4132 quod
430 4051 556 4124 amisit,
576 4069 643 4132 quo
673 4048 825 4112 maxime
843 4044 1034 4111 delcetatus
1056 4047 1188 4112 fuerat:
1223 4047 1283 4112 sed
1308 4045 1436 4112 dietum

324 4155 377 4208 est
396 4145 438 4220 ei,
458 4145 549 4228 quod
569 4163 706 4226 prorsus
724 4141 807 4206 nihil
825 4141 988 4216 amiserit,
1005 4151 1041 4206 et
1059 4143 1150 4226 quod
1167 4143 1252 4208 sciat
1267 4145 1382 4207 omnia
1401 4154 1438 4208 et

323 4241 479 4320 singula;
506 4249 542 4303 et
566 4237 657 4320 quod
680 4239 714 4300 in
736 4236 797 4300 illo
815 4236 953 4312 mundo,
973 4237 1029 4300 ubi
1052 4257 1140 4301 nunc
1159 4247 1224 4314 est,
1245 4257 1314 4302 non
1334 4239 1438 4304 liceat

324 4333 354 4396 ei
383 4333 469 4398 talia
491 4334 703 4416 depromere,
730 4341 766 4395 et
795 4331 886 4414 quod
909 4331 995 4394 satis
1023 4329 1069 4394 sit
1093 4333 1183 4413 quod
1211 4351 1299 4397 nunc
1328 4335 1438 4414 possit

324 4427 435 4493 multo
450 4427 570 4493 melius
588 4436 624 4490 et
643 4423 823 4508 perfettius
839 4426 993 4508 cogitare
1012 4433 1048 4490 et
1067 4424 1170 4510 loqui,
1188 4447 1250 4490 nec
1270 4427 1438 4494 rationale

324 4543 422 4588 suurn
445 4524 658 4604 immergere,
683 4531 720 4585 ut
742 4523 843 4602 prius,
868 4521 983 4585 densis
1006 4521 1170 4598 obscuris,
1194 4523 1436 4596 materialibus,

326 4628 361 4684 et
380 4619 562 4701 corporeis,
580 4637 667 4700 quae
682 4615 806 4679 nullius
823 4635 901 4680 usus
917 4626 997 4679 sunt
1016 4616 1049 4680 in
1065 4633 1174 4699 regno
1189 4617 1222 4680 in
1242 4617 1331 4700 quod
1349 4634 1437 4680 nunc
