<?xml version="1.0" encoding="UTF-8"?>
<!DOCTYPE html PUBLIC "-//W3C//DTD XHTML 1.0 Transitional//EN"
    "http://www.w3.org/TR/xhtml1/DTD/xhtml1-transitional.dtd">
<html xmlns="http://www.w3.org/1999/xhtml" xml:lang="en" lang="en">
 <head>
  <title>
</title>
<meta http-equiv="Content-Type" content="text/html;charset=utf-8" />
  <meta name='ocr-system' content='tesseract 3.04.00' />
  <meta name='ocr-capabilities' content='ocr_page ocr_carea ocr_par ocr_line ocrx_word'/>
</head>
<body>
  <div class='ocr_page' id='page_1' title='image "./decaeloetejusmi00swedgoog_0329.png"; bbox 0 0 3350 5366; ppageno 0'>
   <div class='ocr_carea' id='block_1_1' title="bbox 323 609 1119 672">
    <p class='ocr_par' dir='ltr' id='par_1_1' title="bbox 323 609 1119 672">
     <span class='ocr_line' id='line_1_1' title="bbox 323 609 1119 672; baseline 0.011 -17"><span class='ocrx_word' id='word_1_1' title='bbox 323 609 383 672; x_wconf 82' lang='lat'>322</span> <span class='ocrx_word' id='word_1_2' title='bbox 641 609 692 660; x_wconf 83' lang='lat' dir='ltr'>DE</span> <span class='ocrx_word' id='word_1_3' title='bbox 713 609 841 661; x_wconf 71' lang='lat' dir='ltr'>catto</span> <span class='ocrx_word' id='word_1_4' title='bbox 863 609 913 662; x_wconf 84' lang='lat' dir='ltr'>ET</span> <span class='ocrx_word' id='word_1_5' title='bbox 935 611 1119 664; x_wconf 77' lang='lat' dir='ltr'><strong>INFERNO.</strong></span> 
     </span>
    </p>
   </div>
   <div class='ocr_carea' id='block_1_2' title="bbox 319 777 1037 860">
    <p class='ocr_par' dir='ltr' id='par_1_2' title="bbox 319 777 1037 860">
     <span class='ocr_line' id='line_1_2' title="bbox 319 777 1037 860; baseline 0.007 -19"><span class='ocrx_word' id='word_1_6' title='bbox 319 786 534 860; x_wconf 83' lang='lat' dir='ltr'>reteguntur,</span> <span class='ocrx_word' id='word_1_7' title='bbox 555 779 744 844; x_wconf 84' lang='lat' dir='ltr'>secundum</span> <span class='ocrx_word' id='word_1_8' title='bbox 764 777 903 844; x_wconf 84' lang='lat' dir='ltr'>Domini</span> <span class='ocrx_word' id='word_1_9' title='bbox 920 781 1037 857; x_wconf 85' lang='lat' dir='ltr'>verba,</span> 
     </span>
    </p>
   </div>
   <div class='ocr_carea' id='block_1_3' title="bbox 318 909 1436 1300">
    <p class='ocr_par' dir='ltr' id='par_1_3' title="bbox 369 909 1436 1172">
     <span class='ocr_line' id='line_1_3' title="bbox 369 909 1434 998; baseline 0.007 -36"><span class='ocrx_word' id='word_1_10' title='bbox 369 916 385 936; x_wconf 84' lang='lat'>⁴¹</span> <span class='ocrx_word' id='word_1_11' title='bbox 392 911 477 964; x_wconf 83' lang='lat' dir='ltr'>Nihil.</span> <span class='ocrx_word' id='word_1_12' title='bbox 487 922 623 976; x_wconf 79' lang='lat' dir='ltr'>,opertum</span> <span class='ocrx_word' id='word_1_13' title='bbox 635 923 685 974; x_wconf 82' lang='lat' dir='ltr'>cst,</span> <span class='ocrx_word' id='word_1_14' title='bbox 697 909 769 978; x_wconf 84' lang='lat' dir='ltr'>quod</span> <span class='ocrx_word' id='word_1_15' title='bbox 783 912 839 994; x_wconf 78' lang='lat' dir='ltr'>non</span> <span class='ocrx_word' id='word_1_16' title='bbox 852 915 1028 994; x_wconf 67' lang='lat' dir='ltr'>retegendum</span> <span class='ocrx_word' id='word_1_17' title='bbox 1041 925 1090 994; x_wconf 69' lang='lat' dir='ltr'>est.</span> <span class='ocrx_word' id='word_1_18' title='bbox 1102 925 1130 994; x_wconf 70' lang='lat' dir='ltr'>et</span> <span class='ocrx_word' id='word_1_19' title='bbox 1144 917 1279 970; x_wconf 83' lang='lat' dir='ltr'>occrrltuor</span> <span class='ocrx_word' id='word_1_20' title='bbox 1292 919 1363 998; x_wconf 77' lang='lat' dir='ltr'>quod</span> <span class='ocrx_word' id='word_1_21' title='bbox 1378 935 1434 969; x_wconf 84' lang='lat' dir='ltr'>aon</span> 
     </span>
     <span class='ocr_line' id='line_1_4' title="bbox 451 980 1436 1043; baseline 0.007 -16"><span class='ocrx_word' id='word_1_22' title='bbox 451 980 670 1041; x_wconf 74' lang='lat' dir='ltr'>cognoscendum</span> <span class='ocrx_word' id='word_1_23' title='bbox 680 997 700 1030; x_wconf 88' lang='lat'>:.</span> <span class='ocrx_word' id='word_1_24' title='bbox 710 993 790 1043; x_wconf 79' lang='lat' dir='ltr'>‚quac</span> <span class='ocrx_word' id='word_1_25' title='bbox 813 995 840 1028; x_wconf 88' lang='grc' dir='ltr'>ιιι</span> <span class='ocrx_word' id='word_1_26' title='bbox 858 983 977 1032; x_wconf 75' lang='lat' dir='ltr'>tenebris</span> <span class='ocrx_word' id='word_1_27' title='bbox 994 982 1108 1036; x_wconf 81' lang='lat' dir='ltr'>drarstrs.</span> <span class='ocrx_word' id='word_1_28' title='bbox 1122 997 1148 1031; x_wconf 80' lang='grc' dir='ltr'>ιιι</span> <span class='ocrx_word' id='word_1_29' title='bbox 1168 983 1229 1032; x_wconf 83' lang='lat' dir='ltr'>luce</span> <span class='ocrx_word' id='word_1_30' title='bbox 1245 986 1397 1043; x_wconf 73' lang='lat' dir='ltr'>andrenses,</span> <span class='ocrx_word' id='word_1_31' title='bbox 1410 997 1436 1034; x_wconf 83' lang='lat' dir='ltr'>er</span> 
     </span>
     <span class='ocr_line' id='line_1_5' title="bbox 448 1045 1436 1172; baseline 0.01 -80"><span class='ocrx_word' id='word_1_32' title='bbox 448 1045 522 1172; x_wconf 66' lang='lat' dir='ltr'>(qu</span> <span class='ocrx_word' id='word_1_33' title='bbox 532 1045 668 1172; x_wconf 46' lang='lat' dir='ltr'>ziam·</span> <span class='ocrx_word' id='word_1_34' title='bbox 675 1045 758 1096; x_wconf 83' lang='lat' dir='ltr'>locuti</span> <span class='ocrx_word' id='word_1_35' title='bbox 769 1047 836 1098; x_wconf 81' lang='lat' dir='ltr'>estis</span> <span class='ocrx_word' id='word_1_36' title='bbox 850 1046 877 1096; x_wconf 86' lang='lat' dir='ltr'>in</span> <span class='ocrx_word' id='word_1_37' title='bbox 890 1047 1027 1106; x_wconf 82' lang='lat' dir='ltr'>cubiculis,</span> <span class='ocrx_word' id='word_1_38' title='bbox 1037 1048 1235 1110; x_wconf 72' lang='lat' dir='ltr'>praedicabitur</span> <span class='ocrx_word' id='word_1_39' title='bbox 1247 1063 1328 1112; x_wconf 83' lang='lat' dir='ltr'>super</span> <span class='ocrx_word' id='word_1_40' title='bbox 1337 1048 1414 1102; x_wconf 72' lang='lat' dir='ltr'>rectu</span> <span class='ocrx_word' id='word_1_41' title='bbox 1422 1049 1436 1070; x_wconf 82' lang='lat'>&#39;¹</span> 
     </span>
    </p>

    <p class='ocr_par' dir='ltr' id='par_1_4' title="bbox 318 1223 476 1300">
     <span class='ocr_line' id='line_1_6' title="bbox 318 1223 476 1300; baseline 0 -12"><span class='ocrx_word' id='word_1_42' title='bbox 318 1223 366 1288; x_wconf 88' lang='lat' dir='ltr'>Et</span> <span class='ocrx_word' id='word_1_43' title='bbox 383 1224 476 1300; x_wconf 89' lang='lat' dir='ltr'>alibi,</span> 
     </span>
    </p>
   </div>
   <div class='ocr_carea' id='block_1_4' title="bbox 368 1333 1435 1468">
    <p class='ocr_par' dir='ltr' id='par_1_5' title="bbox 368 1333 1435 1468">
     <span class='ocr_line' id='line_1_7' title="bbox 368 1333 1435 1400; baseline 0.006 -16"><span class='ocrx_word' id='word_1_44' title='bbox 368 1336 382 1357; x_wconf 82' lang='lat'>⁸⁴</span> <span class='ocrx_word' id='word_1_45' title='bbox 390 1333 470 1384; x_wconf 83' lang='lat' dir='ltr'>Dico.</span> <span class='ocrx_word' id='word_1_46' title='bbox 481 1335 578 1394; x_wconf 63' lang='lat' dir='ltr'>,vobin</span> <span class='ocrx_word' id='word_1_47' title='bbox 588 1333 766 1400; x_wconf 78' lang='lat' dir='ltr'>quodcunque</span> <span class='ocrx_word' id='word_1_48' title='bbox 779 1337 890 1387; x_wconf 81' lang='lat' dir='ltr'>verbum</span> <span class='ocrx_word' id='word_1_49' title='bbox 900 1337 996 1390; x_wconf 87' lang='lat' dir='ltr'>inutile</span> <span class='ocrx_word' id='word_1_50' title='bbox 1008 1338 1092 1390; x_wconf 72' lang='lat' dir='ltr'>locuti</span> <span class='ocrx_word' id='word_1_51' title='bbox 1102 1337 1202 1392; x_wconf 77' lang='lat' dir='ltr'>luerim</span> <span class='ocrx_word' id='word_1_52' title='bbox 1215 1339 1349 1398; x_wconf 83' lang='lat' dir='ltr'>homines,</span> <span class='ocrx_word' id='word_1_53' title='bbox 1358 1340 1392 1388; x_wconf 89' lang='lat' dir='ltr'>de</span> <span class='ocrx_word' id='word_1_54' title='bbox 1404 1353 1435 1390; x_wconf 75' lang='lat' dir='ltr'>ea</span> 
     </span>
     <span class='ocr_line' id='line_1_8' title="bbox 449 1401 1216 1468; baseline 0.007 -19"><span class='ocrx_word' id='word_1_55' title='bbox 449 1401 601 1452; x_wconf 84' lang='lat' dir='ltr'>reddituros</span> <span class='ocrx_word' id='word_1_56' title='bbox 614 1402 748 1452; x_wconf 83' lang='lat' dir='ltr'>rationem</span> <span class='ocrx_word' id='word_1_57' title='bbox 761 1401 790 1452; x_wconf 85' lang='lat' dir='ltr'>in</span> <span class='ocrx_word' id='word_1_58' title='bbox 801 1403 846 1452; x_wconf 88' lang='lat' dir='ltr'>dic</span> <span class='ocrx_word' id='word_1_59' title='bbox 857 1403 950 1466; x_wconf 78' lang='lat' dir='ltr'>iudicii</span> <span class='ocrx_word' id='word_1_60' title='bbox 960 1403 979 1424; x_wconf 79' lang='lat'>&#39;&#39;</span> <span class='ocrx_word' id='word_1_61' title='bbox 987 1404 1095 1466; x_wconf 73' lang='lat' dir='ltr'>(Matri.</span> <span class='ocrx_word' id='word_1_62' title='bbox 1108 1406 1153 1454; x_wconf 87' lang='lat' dir='ltr'>xii.</span> <span class='ocrx_word' id='word_1_63' title='bbox 1166 1405 1216 1468; x_wconf 82' lang='lat'><strong>36).</strong></span> 
     </span>
    </p>
   </div>
   <div class='ocr_carea' id='block_1_5' title="bbox 309 1531 1436 4662">
    <p class='ocr_par' dir='ltr' id='par_1_6' title="bbox 309 1531 1436 4662">
     <span class='ocr_line' id='line_1_9' title="bbox 379 1531 1436 1620; baseline 0.006 -26"><span class='ocrx_word' id='word_1_64' title='bbox 379 1531 483 1615; x_wconf 60' lang='lat' dir='ltr'>pos.</span> <span class='ocrx_word' id='word_1_65' title='bbox 513 1531 643 1616; x_wconf 86' lang='lat' dir='ltr'><strong>Quales</strong></span> <span class='ocrx_word' id='word_1_66' title='bbox 665 1543 745 1600; x_wconf 88' lang='lat' dir='ltr'>sunt</span> <span class='ocrx_word' id='word_1_67' title='bbox 768 1534 849 1598; x_wconf 90' lang='lat' dir='ltr'>mali</span> <span class='ocrx_word' id='word_1_68' title='bbox 872 1535 906 1600; x_wconf 93' lang='lat' dir='ltr'>in</span> <span class='ocrx_word' id='word_1_69' title='bbox 928 1534 995 1600; x_wconf 88' lang='lat' dir='ltr'>hoc</span> <span class='ocrx_word' id='word_1_70' title='bbox 1014 1545 1122 1611; x_wconf 87' lang='lat' dir='ltr'>statu,</span> <span class='ocrx_word' id='word_1_71' title='bbox 1142 1555 1212 1600; x_wconf 90' lang='lat' dir='ltr'>non</span> <span class='ocrx_word' id='word_1_72' title='bbox 1235 1537 1352 1620; x_wconf 85' lang='lat' dir='ltr'>paucis</span> <span class='ocrx_word' id='word_1_73' title='bbox 1374 1537 1436 1602; x_wconf 88' lang='lat' dir='ltr'>de·</span> 
     </span>
     <span class='ocr_line' id='line_1_10' title="bbox 317 1627 1436 1712; baseline 0.008 -23"><span class='ocrx_word' id='word_1_74' title='bbox 317 1627 417 1690; x_wconf 86' lang='lat' dir='ltr'>scribi</span> <span class='ocrx_word' id='word_1_75' title='bbox 444 1635 574 1709; x_wconf 89' lang='lat' dir='ltr'>potest,</span> <span class='ocrx_word' id='word_1_76' title='bbox 592 1648 671 1692; x_wconf 91' lang='lat' dir='ltr'>nam</span> <span class='ocrx_word' id='word_1_77' title='bbox 700 1631 843 1712; x_wconf 89' lang='lat' dir='ltr'>quisque</span> <span class='ocrx_word' id='word_1_78' title='bbox 873 1641 955 1694; x_wconf 91' lang='lat' dir='ltr'>tunc</span> <span class='ocrx_word' id='word_1_79' title='bbox 983 1633 1110 1696; x_wconf 83' lang='lat' dir='ltr'>insanit</span> <span class='ocrx_word' id='word_1_80' title='bbox 1139 1633 1327 1696; x_wconf 87' lang='lat' dir='ltr'>secundum</span> <span class='ocrx_word' id='word_1_81' title='bbox 1356 1651 1436 1698; x_wconf 82' lang='lat' dir='ltr'>suas</span> 
     </span>
     <span class='ocr_line' id='line_1_11' title="bbox 317 1723 1436 1810; baseline 0.006 -25"><span class='ocrx_word' id='word_1_82' title='bbox 317 1723 538 1805; x_wconf 90' lang='lat' dir='ltr'>cupiditates,</span> <span class='ocrx_word' id='word_1_83' title='bbox 556 1731 592 1787; x_wconf 91' lang='lat' dir='ltr'>et</span> <span class='ocrx_word' id='word_1_84' title='bbox 615 1723 680 1790; x_wconf 91' lang='lat' dir='ltr'>hae</span> <span class='ocrx_word' id='word_1_85' title='bbox 703 1735 781 1789; x_wconf 90' lang='lat' dir='ltr'>sunt</span> <span class='ocrx_word' id='word_1_86' title='bbox 805 1727 939 1805; x_wconf 86' lang='lat' dir='ltr'>variae;</span> <span class='ocrx_word' id='word_1_87' title='bbox 972 1737 1183 1810; x_wconf 89' lang='lat' dir='ltr'>quapropter</span> <span class='ocrx_word' id='word_1_88' title='bbox 1204 1729 1309 1794; x_wconf 87' lang='lat' dir='ltr'>velim</span> <span class='ocrx_word' id='word_1_89' title='bbox 1331 1729 1436 1794; x_wconf 88' lang='lat' dir='ltr'>modo</span> 
     </span>
     <span class='ocr_line' id='line_1_12' title="bbox 315 1817 1433 1906; baseline 0.005 -26"><span class='ocrx_word' id='word_1_90' title='bbox 315 1817 430 1899; x_wconf 91' lang='lat' dir='ltr'>aliqua</span> <span class='ocrx_word' id='word_1_91' title='bbox 448 1817 609 1899; x_wconf 89' lang='lat' dir='ltr'>specifica</span> <span class='ocrx_word' id='word_1_92' title='bbox 637 1819 819 1896; x_wconf 86' lang='lat' dir='ltr'>adducere,</span> <span class='ocrx_word' id='word_1_93' title='bbox 840 1842 885 1885; x_wconf 89' lang='lat' dir='ltr'>ex</span> <span class='ocrx_word' id='word_1_94' title='bbox 913 1823 1034 1904; x_wconf 90' lang='lat' dir='ltr'>quibus</span> <span class='ocrx_word' id='word_1_95' title='bbox 1053 1823 1213 1886; x_wconf 91' lang='lat' dir='ltr'>concludi</span> <span class='ocrx_word' id='word_1_96' title='bbox 1241 1833 1360 1906; x_wconf 87' lang='lat' dir='ltr'>potest</span> <span class='ocrx_word' id='word_1_97' title='bbox 1389 1820 1433 1886; x_wconf 87' lang='lat' dir='ltr'>ad</span> 
     </span>
     <span class='ocr_line' id='line_1_13' title="bbox 315 1913 1432 1998; baseline 0.004 -22"><span class='ocrx_word' id='word_1_98' title='bbox 315 1913 453 1995; x_wconf 89' lang='lat' dir='ltr'>reliqua.</span> <span class='ocrx_word' id='word_1_99' title='bbox 499 1913 564 1988; x_wconf 87' lang='lat' dir='ltr'>Illi,</span> <span class='ocrx_word' id='word_1_100' title='bbox 582 1914 638 1996; x_wconf 93' lang='lat' dir='ltr'>qui</span> <span class='ocrx_word' id='word_1_101' title='bbox 657 1935 694 1977; x_wconf 90' lang='lat' dir='ltr'>se</span> <span class='ocrx_word' id='word_1_102' title='bbox 712 1925 914 1980; x_wconf 89' lang='lat' dir='ltr'>amaverunt</span> <span class='ocrx_word' id='word_1_103' title='bbox 932 1935 1034 1998; x_wconf 89' lang='lat' dir='ltr'>super</span> <span class='ocrx_word' id='word_1_104' title='bbox 1052 1919 1179 1994; x_wconf 89' lang='lat' dir='ltr'>omnia,</span> <span class='ocrx_word' id='word_1_105' title='bbox 1199 1938 1238 1982; x_wconf 93' lang='lat' dir='ltr'>ac</span> <span class='ocrx_word' id='word_1_106' title='bbox 1258 1919 1293 1980; x_wconf 90' lang='lat' dir='ltr'>in</span> <span class='ocrx_word' id='word_1_107' title='bbox 1312 1916 1432 1982; x_wconf 87' lang='lat' dir='ltr'>officiis</span> 
     </span>
     <span class='ocr_line' id='line_1_14' title="bbox 314 2006 1434 2096; baseline 0.004 -25"><span class='ocrx_word' id='word_1_108' title='bbox 314 2019 350 2072; x_wconf 90' lang='lat' dir='ltr'>et</span> <span class='ocrx_word' id='word_1_109' title='bbox 368 2006 597 2074; x_wconf 69' lang='lat' dir='ltr'>functionibus</span> <span class='ocrx_word' id='word_1_110' title='bbox 613 2007 856 2092; x_wconf 71' lang='lat' dir='ltr'>speaaverunt</span> <span class='ocrx_word' id='word_1_111' title='bbox 871 2012 1038 2077; x_wconf 85' lang='lat' dir='ltr'>honorem</span> <span class='ocrx_word' id='word_1_112' title='bbox 1054 2015 1116 2088; x_wconf 87' lang='lat' dir='ltr'>sui,</span> <span class='ocrx_word' id='word_1_113' title='bbox 1133 2033 1173 2078; x_wconf 93' lang='lat' dir='ltr'>ac</span> <span class='ocrx_word' id='word_1_114' title='bbox 1192 2033 1274 2076; x_wconf 89' lang='lat' dir='ltr'>usus</span> <span class='ocrx_word' id='word_1_115' title='bbox 1288 2014 1434 2096; x_wconf 83' lang='lat' dir='ltr'>praesti·</span> 
     </span>
     <span class='ocr_line' id='line_1_15' title="bbox 315 2106 1433 2190; baseline 0.005 -24"><span class='ocrx_word' id='word_1_116' title='bbox 315 2111 432 2168; x_wconf 89' lang='lat' dir='ltr'>terunt</span> <span class='ocrx_word' id='word_1_117' title='bbox 451 2123 521 2168; x_wconf 92' lang='lat' dir='ltr'>non</span> <span class='ocrx_word' id='word_1_118' title='bbox 540 2115 682 2187; x_wconf 89' lang='lat' dir='ltr'>propter</span> <span class='ocrx_word' id='word_1_119' title='bbox 700 2126 792 2181; x_wconf 86' lang='lat' dir='ltr'>usus,</span> <span class='ocrx_word' id='word_1_120' title='bbox 812 2125 851 2170; x_wconf 90' lang='lat' dir='ltr'>ac</span> <span class='ocrx_word' id='word_1_121' title='bbox 872 2107 939 2170; x_wconf 91' lang='lat' dir='ltr'>illis</span> <span class='ocrx_word' id='word_1_122' title='bbox 955 2106 1119 2172; x_wconf 72' lang='lat' dir='ltr'>deledtati</span> <span class='ocrx_word' id='word_1_123' title='bbox 1139 2119 1230 2183; x_wconf 89' lang='lat' dir='ltr'>sunt,</span> <span class='ocrx_word' id='word_1_124' title='bbox 1250 2109 1312 2172; x_wconf 89' lang='lat' dir='ltr'>sed</span> <span class='ocrx_word' id='word_1_125' title='bbox 1330 2127 1433 2190; x_wconf 90' lang='lat' dir='ltr'>prop·</span> 
     </span>
     <span class='ocr_line' id='line_1_16' title="bbox 314 2199 1433 2284; baseline 0.005 -22"><span class='ocrx_word' id='word_1_126' title='bbox 314 2207 368 2264; x_wconf 88' lang='lat' dir='ltr'>ter</span> <span class='ocrx_word' id='word_1_127' title='bbox 389 2199 525 2274; x_wconf 82' lang='lat' dir='ltr'>sarnam,</span> <span class='ocrx_word' id='word_1_128' title='bbox 550 2208 588 2262; x_wconf 93' lang='lat' dir='ltr'>ut</span> <span class='ocrx_word' id='word_1_129' title='bbox 618 2201 794 2282; x_wconf 83' lang='lat' dir='ltr'>digniores</span> <span class='ocrx_word' id='word_1_130' title='bbox 816 2201 891 2266; x_wconf 91' lang='lat' dir='ltr'>aliis</span> <span class='ocrx_word' id='word_1_131' title='bbox 914 2221 974 2284; x_wconf 88' lang='lat' dir='ltr'>per</span> <span class='ocrx_word' id='word_1_132' title='bbox 996 2203 1074 2266; x_wconf 91' lang='lat' dir='ltr'>illos</span> <span class='ocrx_word' id='word_1_133' title='bbox 1097 2204 1373 2278; x_wconf 78' lang='lat' dir='ltr'>aestimarentur,</span> <span class='ocrx_word' id='word_1_134' title='bbox 1397 2211 1433 2268; x_wconf 87' lang='lat' dir='ltr'>et</span> 
     </span>
     <span class='ocr_line' id='line_1_17' title="bbox 314 2291 1431 2372; baseline 0.003 -16"><span class='ocrx_word' id='word_1_135' title='bbox 314 2293 362 2358; x_wconf 90' lang='lat' dir='ltr'>sic</span> <span class='ocrx_word' id='word_1_136' title='bbox 386 2291 550 2358; x_wconf 72' lang='lat' dir='ltr'>deleitati</span> <span class='ocrx_word' id='word_1_137' title='bbox 568 2294 660 2358; x_wconf 87' lang='lat' dir='ltr'>sama</span> <span class='ocrx_word' id='word_1_138' title='bbox 688 2295 738 2358; x_wconf 90' lang='lat' dir='ltr'>sui</span> <span class='ocrx_word' id='word_1_139' title='bbox 764 2295 916 2372; x_wconf 91' lang='lat' dir='ltr'>honoris,</span> <span class='ocrx_word' id='word_1_140' title='bbox 936 2297 985 2360; x_wconf 91' lang='lat' dir='ltr'>illi</span> <span class='ocrx_word' id='word_1_141' title='bbox 1014 2317 1092 2362; x_wconf 90' lang='lat' dir='ltr'>cunr</span> <span class='ocrx_word' id='word_1_142' title='bbox 1121 2299 1156 2362; x_wconf 88' lang='lat' dir='ltr'>in</span> <span class='ocrx_word' id='word_1_143' title='bbox 1185 2298 1337 2360; x_wconf 89' lang='lat' dir='ltr'>secundo</span> <span class='ocrx_word' id='word_1_144' title='bbox 1367 2297 1431 2360; x_wconf 90' lang='lat' dir='ltr'>hoc</span> 
     </span>
     <span class='ocr_line' id='line_1_18' title="bbox 314 2388 1433 2474; baseline 0.002 -24"><span class='ocrx_word' id='word_1_145' title='bbox 314 2395 406 2452; x_wconf 89' lang='lat' dir='ltr'>statu</span> <span class='ocrx_word' id='word_1_146' title='bbox 418 2399 509 2462; x_wconf 90' lang='lat' dir='ltr'>sunt,</span> <span class='ocrx_word' id='word_1_147' title='bbox 524 2409 604 2470; x_wconf 89' lang='lat' dir='ltr'>prae</span> <span class='ocrx_word' id='word_1_148' title='bbox 620 2388 758 2474; x_wconf 89' lang='lat' dir='ltr'>reliquis</span> <span class='ocrx_word' id='word_1_149' title='bbox 773 2391 900 2472; x_wconf 85' lang='lat' dir='ltr'>stupidi</span> <span class='ocrx_word' id='word_1_150' title='bbox 914 2401 993 2457; x_wconf 92' lang='lat' dir='ltr'>sunt</span> <span class='ocrx_word' id='word_1_151' title='bbox 1006 2413 1013 2469; x_wconf 93' lang='lat'>;</span> <span class='ocrx_word' id='word_1_152' title='bbox 1034 2411 1114 2456; x_wconf 87' lang='lat' dir='ltr'>nam</span> <span class='ocrx_word' id='word_1_153' title='bbox 1129 2401 1295 2474; x_wconf 87' lang='lat' dir='ltr'>quantum</span> <span class='ocrx_word' id='word_1_154' title='bbox 1311 2391 1433 2473; x_wconf 92' lang='lat' dir='ltr'>aliquis</span> 
     </span>
     <span class='ocr_line' id='line_1_19' title="bbox 313 2485 1432 2569; baseline 0.001 -23"><span class='ocrx_word' id='word_1_155' title='bbox 313 2503 351 2546; x_wconf 88' lang='lat' dir='ltr'>se</span> <span class='ocrx_word' id='word_1_156' title='bbox 369 2493 475 2559; x_wconf 89' lang='lat' dir='ltr'>amat,</span> <span class='ocrx_word' id='word_1_157' title='bbox 496 2493 632 2548; x_wconf 90' lang='lat' dir='ltr'>tanturn</span> <span class='ocrx_word' id='word_1_158' title='bbox 655 2495 852 2548; x_wconf 88' lang='lat' dir='ltr'>removetur</span> <span class='ocrx_word' id='word_1_159' title='bbox 874 2507 894 2550; x_wconf 91' lang='lat' dir='ltr'>a</span> <span class='ocrx_word' id='word_1_160' title='bbox 917 2487 1027 2562; x_wconf 86' lang='lat' dir='ltr'>caelo,</span> <span class='ocrx_word' id='word_1_161' title='bbox 1048 2496 1084 2550; x_wconf 90' lang='lat' dir='ltr'>et</span> <span class='ocrx_word' id='word_1_162' title='bbox 1105 2495 1271 2569; x_wconf 89' lang='lat' dir='ltr'>quantum</span> <span class='ocrx_word' id='word_1_163' title='bbox 1293 2506 1314 2548; x_wconf 94' lang='lat' dir='ltr'>a</span> <span class='ocrx_word' id='word_1_164' title='bbox 1335 2485 1432 2548; x_wconf 90' lang='lat' dir='ltr'>caelo</span> 
     </span>
     <span class='ocr_line' id='line_1_20' title="bbox 313 2579 1432 2662; baseline 0.001 -20"><span class='ocrx_word' id='word_1_165' title='bbox 313 2587 451 2642; x_wconf 90' lang='lat' dir='ltr'>tantum</span> <span class='ocrx_word' id='word_1_166' title='bbox 478 2601 499 2644; x_wconf 90' lang='lat' dir='ltr'>a</span> <span class='ocrx_word' id='word_1_167' title='bbox 525 2582 704 2661; x_wconf 89' lang='lat' dir='ltr'>sapientia.</span> <span class='ocrx_word' id='word_1_168' title='bbox 750 2579 816 2662; x_wconf 89' lang='lat' dir='ltr'>Qui</span> <span class='ocrx_word' id='word_1_169' title='bbox 839 2591 957 2646; x_wconf 88' lang='lat' dir='ltr'>autem</span> <span class='ocrx_word' id='word_1_170' title='bbox 983 2583 1017 2646; x_wconf 95' lang='lat' dir='ltr'>in</span> <span class='ocrx_word' id='word_1_171' title='bbox 1041 2601 1157 2646; x_wconf 90' lang='lat' dir='ltr'>amore</span> <span class='ocrx_word' id='word_1_172' title='bbox 1180 2582 1241 2656; x_wconf 89' lang='lat' dir='ltr'>sui,</span> <span class='ocrx_word' id='word_1_173' title='bbox 1265 2590 1302 2648; x_wconf 88' lang='lat' dir='ltr'>et</span> <span class='ocrx_word' id='word_1_174' title='bbox 1332 2580 1432 2644; x_wconf 86' lang='lat' dir='ltr'>simul</span> 
     </span>
     <span class='ocr_line' id='line_1_21' title="bbox 313 2673 1432 2760; baseline 0.001 -24"><span class='ocrx_word' id='word_1_175' title='bbox 313 2675 419 2738; x_wconf 89' lang='lat' dir='ltr'>astuti</span> <span class='ocrx_word' id='word_1_176' title='bbox 437 2673 584 2752; x_wconf 86' lang='lat' dir='ltr'>suerunt,</span> <span class='ocrx_word' id='word_1_177' title='bbox 605 2685 641 2741; x_wconf 91' lang='lat' dir='ltr'>et</span> <span class='ocrx_word' id='word_1_178' title='bbox 664 2695 781 2760; x_wconf 88' lang='lat' dir='ltr'>seper</span> <span class='ocrx_word' id='word_1_179' title='bbox 803 2687 896 2741; x_wconf 90' lang='lat' dir='ltr'>artes</span> <span class='ocrx_word' id='word_1_180' title='bbox 914 2686 1108 2742; x_wconf 87' lang='lat' dir='ltr'>evexerunt</span> <span class='ocrx_word' id='word_1_181' title='bbox 1131 2677 1176 2740; x_wconf 91' lang='lat' dir='ltr'>ad</span> <span class='ocrx_word' id='word_1_182' title='bbox 1197 2676 1359 2748; x_wconf 89' lang='lat' dir='ltr'>honores,</span> <span class='ocrx_word' id='word_1_183' title='bbox 1383 2675 1432 2738; x_wconf 92' lang='lat' dir='ltr'>illi</span> 
     </span>
     <span class='ocr_line' id='line_1_22' title="bbox 313 2771 1430 2854; baseline 0.001 -23"><span class='ocrx_word' id='word_1_184' title='bbox 313 2789 350 2832; x_wconf 92' lang='lat' dir='ltr'>se</span> <span class='ocrx_word' id='word_1_185' title='bbox 373 2771 576 2834; x_wconf 81' lang='lat' dir='ltr'>consociant</span> <span class='ocrx_word' id='word_1_186' title='bbox 599 2791 675 2834; x_wconf 89' lang='lat' dir='ltr'>curn</span> <span class='ocrx_word' id='word_1_187' title='bbox 700 2773 868 2854; x_wconf 88' lang='lat' dir='ltr'>pessimis,</span> <span class='ocrx_word' id='word_1_188' title='bbox 888 2780 924 2836; x_wconf 89' lang='lat' dir='ltr'>et</span> <span class='ocrx_word' id='word_1_189' title='bbox 948 2773 1131 2838; x_wconf 89' lang='lat' dir='ltr'>addiscunt</span> <span class='ocrx_word' id='word_1_190' title='bbox 1154 2781 1248 2836; x_wconf 89' lang='lat' dir='ltr'>artes</span> <span class='ocrx_word' id='word_1_191' title='bbox 1266 2771 1430 2852; x_wconf 84' lang='lat' dir='ltr'>magicas,</span> 
     </span>
     <span class='ocr_line' id='line_1_23' title="bbox 312 2864 1430 2949; baseline 0.001 -23"><span class='ocrx_word' id='word_1_192' title='bbox 312 2883 398 2944; x_wconf 89' lang='lat' dir='ltr'>quae</span> <span class='ocrx_word' id='word_1_193' title='bbox 417 2873 498 2928; x_wconf 92' lang='lat' dir='ltr'>sunt</span> <span class='ocrx_word' id='word_1_194' title='bbox 516 2865 640 2930; x_wconf 87' lang='lat' dir='ltr'>abusus</span> <span class='ocrx_word' id='word_1_195' title='bbox 657 2866 785 2930; x_wconf 88' lang='lat' dir='ltr'>ordinis</span> <span class='ocrx_word' id='word_1_196' title='bbox 805 2865 930 2940; x_wconf 91' lang='lat' dir='ltr'>Divini,</span> <span class='ocrx_word' id='word_1_197' title='bbox 947 2885 1008 2947; x_wconf 92' lang='lat' dir='ltr'>per</span> <span class='ocrx_word' id='word_1_198' title='bbox 1025 2887 1109 2949; x_wconf 87' lang='lat' dir='ltr'>quas</span> <span class='ocrx_word' id='word_1_199' title='bbox 1125 2865 1301 2930; x_wconf 89' lang='lat' dir='ltr'>lacessunt</span> <span class='ocrx_word' id='word_1_200' title='bbox 1320 2883 1360 2928; x_wconf 91' lang='lat' dir='ltr'>ac</span> <span class='ocrx_word' id='word_1_201' title='bbox 1379 2864 1430 2928; x_wconf 90' lang='lat' dir='ltr'>in·</span> 
     </span>
     <span class='ocr_line' id='line_1_24' title="bbox 312 2957 1430 3042; baseline 0.002 -22"><span class='ocrx_word' id='word_1_202' title='bbox 312 2957 440 3024; x_wconf 85' lang='lat' dir='ltr'>lestant</span> <span class='ocrx_word' id='word_1_203' title='bbox 474 2977 595 3023; x_wconf 90' lang='lat' dir='ltr'>omnes</span> <span class='ocrx_word' id='word_1_204' title='bbox 628 2961 683 3042; x_wconf 91' lang='lat' dir='ltr'>qui</span> <span class='ocrx_word' id='word_1_205' title='bbox 717 2981 755 3026; x_wconf 89' lang='lat' dir='ltr'>se</span> <span class='ocrx_word' id='word_1_206' title='bbox 788 2980 857 3024; x_wconf 91' lang='lat' dir='ltr'>non</span> <span class='ocrx_word' id='word_1_207' title='bbox 887 2960 1071 3036; x_wconf 89' lang='lat' dir='ltr'>honorant,</span> <span class='ocrx_word' id='word_1_208' title='bbox 1103 2959 1247 3026; x_wconf 68' lang='lat' dir='ltr'>nediunt</span> <span class='ocrx_word' id='word_1_209' title='bbox 1279 2959 1430 3032; x_wconf 86' lang='lat' dir='ltr'>insidias,</span> 
     </span>
     <span class='ocr_line' id='line_1_25' title="bbox 311 3051 1430 3137; baseline -0.001 -22"><span class='ocrx_word' id='word_1_210' title='bbox 311 3051 430 3118; x_wconf 79' lang='lat' dir='ltr'>fovent</span> <span class='ocrx_word' id='word_1_211' title='bbox 446 3055 537 3130; x_wconf 88' lang='lat' dir='ltr'>odia,</span> <span class='ocrx_word' id='word_1_212' title='bbox 550 3055 697 3136; x_wconf 82' lang='lat' dir='ltr'>flagrant</span> <span class='ocrx_word' id='word_1_213' title='bbox 713 3053 883 3131; x_wconf 75' lang='lat' dir='ltr'>vindictis,</span> <span class='ocrx_word' id='word_1_214' title='bbox 900 3065 936 3120; x_wconf 91' lang='lat' dir='ltr'>et</span> <span class='ocrx_word' id='word_1_215' title='bbox 956 3057 1098 3137; x_wconf 87' lang='lat' dir='ltr'>cupiunt</span> <span class='ocrx_word' id='word_1_216' title='bbox 1109 3056 1242 3119; x_wconf 86' lang='lat' dir='ltr'>saevire</span> <span class='ocrx_word' id='word_1_217' title='bbox 1260 3055 1293 3118; x_wconf 93' lang='lat' dir='ltr'>in</span> <span class='ocrx_word' id='word_1_218' title='bbox 1309 3071 1430 3122; x_wconf 84' lang='lat' dir='ltr'>omnes</span> 
     </span>
     <span class='ocr_line' id='line_1_26' title="bbox 311 3150 1430 3232; baseline -0.001 -19"><span class='ocrx_word' id='word_1_219' title='bbox 311 3151 368 3232; x_wconf 89' lang='lat' dir='ltr'>qui</span> <span class='ocrx_word' id='word_1_220' title='bbox 395 3170 434 3214; x_wconf 91' lang='lat' dir='ltr'>se</span> <span class='ocrx_word' id='word_1_221' title='bbox 463 3170 533 3214; x_wconf 92' lang='lat' dir='ltr'>non</span> <span class='ocrx_word' id='word_1_222' title='bbox 556 3150 777 3225; x_wconf 89' lang='lat' dir='ltr'>submittunt,</span> <span class='ocrx_word' id='word_1_223' title='bbox 797 3161 834 3214; x_wconf 87' lang='lat' dir='ltr'>et</span> <span class='ocrx_word' id='word_1_224' title='bbox 863 3151 897 3214; x_wconf 88' lang='lat' dir='ltr'>in</span> <span class='ocrx_word' id='word_1_225' title='bbox 927 3152 1045 3214; x_wconf 91' lang='lat' dir='ltr'>omnia</span> <span class='ocrx_word' id='word_1_226' title='bbox 1071 3151 1132 3214; x_wconf 91' lang='lat' dir='ltr'>illa</span> <span class='ocrx_word' id='word_1_227' title='bbox 1161 3160 1299 3216; x_wconf 88' lang='lat' dir='ltr'>tanturn</span> <span class='ocrx_word' id='word_1_228' title='bbox 1328 3157 1430 3216; x_wconf 87' lang='lat' dir='ltr'>ruunt</span> 
     </span>
     <span class='ocr_line' id='line_1_27' title="bbox 311 3244 1428 3329; baseline -0.003 -20"><span class='ocrx_word' id='word_1_229' title='bbox 311 3255 478 3329; x_wconf 89' lang='lat' dir='ltr'>quantum</span> <span class='ocrx_word' id='word_1_230' title='bbox 497 3244 566 3308; x_wconf 91' lang='lat' dir='ltr'>illis</span> <span class='ocrx_word' id='word_1_231' title='bbox 585 3245 737 3328; x_wconf 85' lang='lat' dir='ltr'>maligna</span> <span class='ocrx_word' id='word_1_232' title='bbox 755 3245 854 3310; x_wconf 90' lang='lat' dir='ltr'>turba</span> <span class='ocrx_word' id='word_1_233' title='bbox 871 3245 977 3322; x_wconf 83' lang='lat' dir='ltr'>favet,</span> <span class='ocrx_word' id='word_1_234' title='bbox 997 3255 1034 3310; x_wconf 88' lang='lat' dir='ltr'>et</span> <span class='ocrx_word' id='word_1_235' title='bbox 1057 3245 1200 3310; x_wconf 88' lang='lat' dir='ltr'>tandem</span> <span class='ocrx_word' id='word_1_236' title='bbox 1220 3245 1335 3310; x_wconf 89' lang='lat' dir='ltr'>anirno</span> <span class='ocrx_word' id='word_1_237' title='bbox 1353 3263 1428 3306; x_wconf 90' lang='lat' dir='ltr'>ver-</span> 
     </span>
     <span class='ocr_line' id='line_1_28' title="bbox 310 3337 1429 3423; baseline -0.003 -19"><span class='ocrx_word' id='word_1_238' title='bbox 310 3349 389 3406; x_wconf 90' lang='lat' dir='ltr'>sant</span> <span class='ocrx_word' id='word_1_239' title='bbox 412 3341 586 3423; x_wconf 89' lang='lat' dir='ltr'>quomodo</span> <span class='ocrx_word' id='word_1_240' title='bbox 609 3341 799 3404; x_wconf 81' lang='lat' dir='ltr'>ascendant</span> <span class='ocrx_word' id='word_1_241' title='bbox 823 3341 970 3418; x_wconf 90' lang='lat' dir='ltr'>caelum,</span> <span class='ocrx_word' id='word_1_242' title='bbox 994 3349 1032 3404; x_wconf 87' lang='lat' dir='ltr'>ut</span> <span class='ocrx_word' id='word_1_243' title='bbox 1055 3340 1236 3404; x_wconf 83' lang='lat' dir='ltr'>destruant</span> <span class='ocrx_word' id='word_1_244' title='bbox 1258 3338 1353 3414; x_wconf 92' lang='lat' dir='ltr'>illud,</span> <span class='ocrx_word' id='word_1_245' title='bbox 1373 3337 1429 3402; x_wconf 89' lang='lat' dir='ltr'>vel</span> 
     </span>
     <span class='ocr_line' id='line_1_29' title="bbox 311 3431 1428 3519; baseline -0.004 -19"><span class='ocrx_word' id='word_1_246' title='bbox 311 3446 348 3501; x_wconf 91' lang='lat' dir='ltr'>ut</span> <span class='ocrx_word' id='word_1_247' title='bbox 367 3437 523 3502; x_wconf 87' lang='lat' dir='ltr'>colantur</span> <span class='ocrx_word' id='word_1_248' title='bbox 542 3437 587 3502; x_wconf 93' lang='lat' dir='ltr'>ibi</span> <span class='ocrx_word' id='word_1_249' title='bbox 610 3457 672 3519; x_wconf 91' lang='lat' dir='ltr'>pro</span> <span class='ocrx_word' id='word_1_250' title='bbox 690 3437 778 3500; x_wconf 87' lang='lat' dir='ltr'>diis:</span> <span class='ocrx_word' id='word_1_251' title='bbox 810 3437 843 3500; x_wconf 92' lang='lat' dir='ltr'>in</span> <span class='ocrx_word' id='word_1_252' title='bbox 863 3445 999 3502; x_wconf 90' lang='lat' dir='ltr'>tanturn</span> <span class='ocrx_word' id='word_1_253' title='bbox 1018 3437 1159 3500; x_wconf 86' lang='lat' dir='ltr'>vesania</span> <span class='ocrx_word' id='word_1_254' title='bbox 1177 3435 1312 3500; x_wconf 86' lang='lat' dir='ltr'>illorum</span> <span class='ocrx_word' id='word_1_255' title='bbox 1331 3431 1428 3497; x_wconf 83' lang='lat' dir='ltr'>effer-</span> 
     </span>
     <span class='ocr_line' id='line_1_30' title="bbox 311 3527 1429 3615; baseline -0.006 -19"><span class='ocrx_word' id='word_1_256' title='bbox 311 3541 372 3596; x_wconf 87' lang='lat' dir='ltr'>tur.</span> <span class='ocrx_word' id='word_1_257' title='bbox 419 3531 475 3596; x_wconf 93' lang='lat' dir='ltr'>Illi</span> <span class='ocrx_word' id='word_1_258' title='bbox 493 3532 550 3615; x_wconf 92' lang='lat' dir='ltr'>qui</span> <span class='ocrx_word' id='word_1_259' title='bbox 568 3531 659 3596; x_wconf 90' lang='lat' dir='ltr'>tales</span> <span class='ocrx_word' id='word_1_260' title='bbox 677 3531 810 3596; x_wconf 86' lang='lat' dir='ltr'>suerunt</span> <span class='ocrx_word' id='word_1_261' title='bbox 827 3553 872 3597; x_wconf 87' lang='lat' dir='ltr'>ex</span> <span class='ocrx_word' id='word_1_262' title='bbox 895 3531 1062 3614; x_wconf 88' lang='lat' dir='ltr'>religione</span> <span class='ocrx_word' id='word_1_263' title='bbox 1083 3528 1271 3605; x_wconf 73' lang='lat' dir='ltr'>Pontificio,</span> <span class='ocrx_word' id='word_1_264' title='bbox 1290 3527 1429 3610; x_wconf 88' lang='lat' dir='ltr'>reliquis</span> 
     </span>
     <span class='ocr_line' id='line_1_31' title="bbox 311 3625 1428 3708; baseline -0.005 -18"><span class='ocrx_word' id='word_1_265' title='bbox 311 3627 499 3691; x_wconf 88' lang='lat' dir='ltr'>insaniores</span> <span class='ocrx_word' id='word_1_266' title='bbox 515 3636 616 3705; x_wconf 88' lang='lat' dir='ltr'>sunt;</span> <span class='ocrx_word' id='word_1_267' title='bbox 646 3628 763 3691; x_wconf 91' lang='lat' dir='ltr'>animo</span> <span class='ocrx_word' id='word_1_268' title='bbox 782 3627 873 3690; x_wconf 88' lang='lat' dir='ltr'>enim</span> <span class='ocrx_word' id='word_1_269' title='bbox 893 3635 1029 3708; x_wconf 85' lang='lat' dir='ltr'>gerunt,</span> <span class='ocrx_word' id='word_1_270' title='bbox 1049 3626 1141 3708; x_wconf 92' lang='lat' dir='ltr'>quod</span> <span class='ocrx_word' id='word_1_271' title='bbox 1164 3625 1228 3690; x_wconf 88' lang='lat' dir='ltr'>sub</span> <span class='ocrx_word' id='word_1_272' title='bbox 1249 3633 1428 3706; x_wconf 88' lang='lat' dir='ltr'>potestate</span> 
     </span>
     <span class='ocr_line' id='line_1_32' title="bbox 310 3718 1428 3804; baseline -0.006 -20"><span class='ocrx_word' id='word_1_273' title='bbox 310 3721 444 3786; x_wconf 88' lang='lat' dir='ltr'>illorum</span> <span class='ocrx_word' id='word_1_274' title='bbox 460 3723 529 3786; x_wconf 94' lang='lat' dir='ltr'>sint</span> <span class='ocrx_word' id='word_1_275' title='bbox 545 3722 677 3786; x_wconf 89' lang='lat' dir='ltr'>caelum</span> <span class='ocrx_word' id='word_1_276' title='bbox 693 3732 730 3786; x_wconf 88' lang='lat' dir='ltr'>et</span> <span class='ocrx_word' id='word_1_277' title='bbox 746 3722 924 3796; x_wconf 74' lang='lat' dir='ltr'>infernum,</span> <span class='ocrx_word' id='word_1_278' title='bbox 942 3731 978 3784; x_wconf 90' lang='lat' dir='ltr'>et</span> <span class='ocrx_word' id='word_1_279' title='bbox 994 3721 1085 3804; x_wconf 92' lang='lat' dir='ltr'>quod</span> <span class='ocrx_word' id='word_1_280' title='bbox 1101 3721 1279 3784; x_wconf 88' lang='lat' dir='ltr'>remittere</span> <span class='ocrx_word' id='word_1_281' title='bbox 1296 3718 1428 3800; x_wconf 90' lang='lat' dir='ltr'>possint</span> 
     </span>
     <span class='ocr_line' id='line_1_33' title="bbox 311 3814 1428 3900; baseline -0.005 -20"><span class='ocrx_word' id='word_1_282' title='bbox 311 3837 354 3881; x_wconf 87' lang='lat' dir='ltr'>ex</span> <span class='ocrx_word' id='word_1_283' title='bbox 377 3816 490 3881; x_wconf 89' lang='lat' dir='ltr'>lubitu</span> <span class='ocrx_word' id='word_1_284' title='bbox 512 3828 677 3900; x_wconf 88' lang='lat' dir='ltr'>peccata;</span> <span class='ocrx_word' id='word_1_285' title='bbox 711 3816 760 3881; x_wconf 94' lang='lat' dir='ltr'>illi</span> <span class='ocrx_word' id='word_1_286' title='bbox 782 3817 960 3880; x_wconf 89' lang='lat' dir='ltr'>vindicant</span> <span class='ocrx_word' id='word_1_287' title='bbox 982 3815 1046 3878; x_wconf 89' lang='lat' dir='ltr'>sibi</span> <span class='ocrx_word' id='word_1_288' title='bbox 1068 3835 1171 3880; x_wconf 89' lang='lat' dir='ltr'>omne</span> <span class='ocrx_word' id='word_1_289' title='bbox 1194 3814 1367 3888; x_wconf 85' lang='lat' dir='ltr'>Divinum,</span> <span class='ocrx_word' id='word_1_290' title='bbox 1391 3821 1428 3874; x_wconf 92' lang='lat' dir='ltr'>et</span> 
     </span>
     <span class='ocr_line' id='line_1_34' title="bbox 310 3905 1426 3994; baseline -0.008 -18"><span class='ocrx_word' id='word_1_291' title='bbox 310 3933 347 3976; x_wconf 86' lang='lat' dir='ltr'>se</span> <span class='ocrx_word' id='word_1_292' title='bbox 370 3911 543 3978; x_wconf 91' lang='lat' dir='ltr'>Christum</span> <span class='ocrx_word' id='word_1_293' title='bbox 562 3921 712 3990; x_wconf 85' lang='lat' dir='ltr'>vocant;</span> <span class='ocrx_word' id='word_1_294' title='bbox 735 3912 912 3994; x_wconf 89' lang='lat' dir='ltr'>persuasio</span> <span class='ocrx_word' id='word_1_295' title='bbox 931 3929 1059 3986; x_wconf 88' lang='lat' dir='ltr'>eorum,</span> <span class='ocrx_word' id='word_1_296' title='bbox 1079 3909 1171 3992; x_wconf 86' lang='lat' dir='ltr'>quod</span> <span class='ocrx_word' id='word_1_297' title='bbox 1194 3910 1244 3972; x_wconf 91' lang='lat' dir='ltr'>ita</span> <span class='ocrx_word' id='word_1_298' title='bbox 1267 3907 1325 3984; x_wconf 87' lang='lat' dir='ltr'>sit,</span> <span class='ocrx_word' id='word_1_299' title='bbox 1345 3905 1426 3970; x_wconf 90' lang='lat' dir='ltr'>talis</span> 
     </span>
     <span class='ocr_line' id='line_1_35' title="bbox 310 4000 1428 4091; baseline -0.01 -19"><span class='ocrx_word' id='word_1_300' title='bbox 310 4017 374 4084; x_wconf 88' lang='lat' dir='ltr'>est,</span> <span class='ocrx_word' id='word_1_301' title='bbox 395 4018 443 4084; x_wconf 91' lang='lat' dir='ltr'>ut,</span> <span class='ocrx_word' id='word_1_302' title='bbox 464 4009 519 4072; x_wconf 90' lang='lat' dir='ltr'>ubi</span> <span class='ocrx_word' id='word_1_303' title='bbox 542 4006 661 4082; x_wconf 91' lang='lat' dir='ltr'>influit,</span> <span class='ocrx_word' id='word_1_304' title='bbox 682 4006 860 4091; x_wconf 88' lang='lat' dir='ltr'>perturbet</span> <span class='ocrx_word' id='word_1_305' title='bbox 877 4007 1023 4080; x_wconf 90' lang='lat' dir='ltr'>animos,</span> <span class='ocrx_word' id='word_1_306' title='bbox 1043 4023 1083 4070; x_wconf 89' lang='lat' dir='ltr'>ac</span> <span class='ocrx_word' id='word_1_307' title='bbox 1107 4005 1247 4068; x_wconf 91' lang='lat' dir='ltr'>inducat</span> <span class='ocrx_word' id='word_1_308' title='bbox 1266 4000 1428 4066; x_wconf 89' lang='lat' dir='ltr'>tenebras</span> 
     </span>
     <span class='ocr_line' id='line_1_36' title="bbox 310 4100 1426 4186; baseline -0.009 -20"><span class='ocrx_word' id='word_1_309' title='bbox 310 4123 413 4186; x_wconf 90' lang='lat' dir='ltr'>usque</span> <span class='ocrx_word' id='word_1_310' title='bbox 425 4103 469 4168; x_wconf 88' lang='lat' dir='ltr'>ad</span> <span class='ocrx_word' id='word_1_311' title='bbox 481 4102 637 4168; x_wconf 88' lang='lat' dir='ltr'>dolorem</span> <span class='ocrx_word' id='word_1_312' title='bbox 652 4123 660 4169; x_wconf 79' lang='lat' dir='ltr'>r</span> <span class='ocrx_word' id='word_1_313' title='bbox 684 4120 794 4182; x_wconf 88' lang='lat' dir='ltr'>paene</span> <span class='ocrx_word' id='word_1_314' title='bbox 808 4101 872 4164; x_wconf 89' lang='lat' dir='ltr'>sibi</span> <span class='ocrx_word' id='word_1_315' title='bbox 884 4100 1012 4164; x_wconf 90' lang='lat' dir='ltr'>similes</span> <span class='ocrx_word' id='word_1_316' title='bbox 1024 4107 1104 4166; x_wconf 91' lang='lat' dir='ltr'>sunt</span> <span class='ocrx_word' id='word_1_317' title='bbox 1116 4101 1149 4164; x_wconf 91' lang='lat' dir='ltr'>in</span> <span class='ocrx_word' id='word_1_318' title='bbox 1163 4108 1307 4180; x_wconf 89' lang='lat' dir='ltr'>utroque</span> <span class='ocrx_word' id='word_1_319' title='bbox 1320 4105 1426 4168; x_wconf 90' lang='lat' dir='ltr'>statu,</span> 
     </span>
     <span class='ocr_line' id='line_1_37' title="bbox 310 4189 1426 4278; baseline -0.012 -16"><span class='ocrx_word' id='word_1_320' title='bbox 310 4199 421 4264; x_wconf 86' lang='lat' dir='ltr'>sedin</span> <span class='ocrx_word' id='word_1_321' title='bbox 441 4198 593 4262; x_wconf 90' lang='lat' dir='ltr'>secundo</span> <span class='ocrx_word' id='word_1_322' title='bbox 611 4205 691 4260; x_wconf 91' lang='lat' dir='ltr'>sunt</span> <span class='ocrx_word' id='word_1_323' title='bbox 711 4196 840 4278; x_wconf 91' lang='lat' dir='ltr'>absque</span> <span class='ocrx_word' id='word_1_324' title='bbox 858 4193 1104 4260; x_wconf 86' lang='lat' dir='ltr'>rationalitate.</span> <span class='ocrx_word' id='word_1_325' title='bbox 1149 4193 1200 4256; x_wconf 90' lang='lat' dir='ltr'>At</span> <span class='ocrx_word' id='word_1_326' title='bbox 1223 4192 1268 4255; x_wconf 89' lang='lat' dir='ltr'>de</span> <span class='ocrx_word' id='word_1_327' title='bbox 1286 4189 1426 4254; x_wconf 90' lang='lat' dir='ltr'>insaniis</span> 
     </span>
     <span class='ocr_line' id='line_1_38' title="bbox 309 4285 1426 4371; baseline -0.01 -13"><span class='ocrx_word' id='word_1_328' title='bbox 309 4293 455 4370; x_wconf 89' lang='lat' dir='ltr'>illorum,</span> <span class='ocrx_word' id='word_1_329' title='bbox 474 4313 514 4356; x_wconf 88' lang='lat' dir='ltr'>ac</span> <span class='ocrx_word' id='word_1_330' title='bbox 538 4293 581 4358; x_wconf 90' lang='lat' dir='ltr'>de</span> <span class='ocrx_word' id='word_1_331' title='bbox 605 4301 699 4356; x_wconf 91' lang='lat' dir='ltr'>sorte</span> <span class='ocrx_word' id='word_1_332' title='bbox 717 4291 853 4354; x_wconf 89' lang='lat' dir='ltr'>illorum</span> <span class='ocrx_word' id='word_1_333' title='bbox 876 4299 956 4371; x_wconf 91' lang='lat' dir='ltr'>post</span> <span class='ocrx_word' id='word_1_334' title='bbox 979 4287 1069 4355; x_wconf 91' lang='lat' dir='ltr'>hunc</span> <span class='ocrx_word' id='word_1_335' title='bbox 1089 4296 1231 4362; x_wconf 77' lang='lat' dir='ltr'>statum,</span> <span class='ocrx_word' id='word_1_336' title='bbox 1256 4287 1289 4349; x_wconf 91' lang='lat' dir='ltr'>in</span> <span class='ocrx_word' id='word_1_337' title='bbox 1313 4285 1426 4368; x_wconf 90' lang='lat' dir='ltr'>specie</span> 
     </span>
     <span class='ocr_line' id='line_1_39' title="bbox 309 4379 1425 4472; baseline -0.009 -20"><span class='ocrx_word' id='word_1_338' title='bbox 309 4385 422 4472; x_wconf 85' lang='lat' dir='ltr'>aliqua</span> <span class='ocrx_word' id='word_1_339' title='bbox 437 4389 594 4454; x_wconf 90' lang='lat' dir='ltr'>dicentur</span> <span class='ocrx_word' id='word_1_340' title='bbox 613 4387 646 4450; x_wconf 92' lang='lat' dir='ltr'>in</span> <span class='ocrx_word' id='word_1_341' title='bbox 662 4385 829 4468; x_wconf 90' lang='lat' dir='ltr'>opusculo</span> <span class='ocrx_word' id='word_1_342' title='bbox 841 4383 892 4448; x_wconf 84' lang='lat' dir='ltr'>De</span> <span class='ocrx_word' id='word_1_343' title='bbox 908 4383 1033 4448; x_wconf 83' lang='lat' dir='ltr'>Ultimo</span> <span class='ocrx_word' id='word_1_344' title='bbox 1044 4381 1182 4457; x_wconf 76' lang='lat' dir='ltr'>Judicio</span> <span class='ocrx_word' id='word_1_345' title='bbox 1192 4391 1226 4444; x_wconf 85' lang='lat' dir='ltr'>et</span> <span class='ocrx_word' id='word_1_346' title='bbox 1239 4379 1425 4462; x_wconf 80' lang='lat' dir='ltr'>Babylonia</span> 
     </span>
     <span class='ocr_line' id='line_1_40' title="bbox 310 4473 1425 4564; baseline -0.014 -15"><span class='ocrx_word' id='word_1_347' title='bbox 310 4485 489 4549; x_wconf 67' lang='lat' dir='ltr'>destructa.</span> <span class='ocrx_word' id='word_1_348' title='bbox 535 4481 601 4564; x_wconf 86' lang='lat' dir='ltr'>Qui</span> <span class='ocrx_word' id='word_1_349' title='bbox 625 4483 836 4546; x_wconf 87' lang='lat' dir='ltr'>creationem</span> <span class='ocrx_word' id='word_1_350' title='bbox 855 4480 1087 4544; x_wconf 87' lang='lat' dir='ltr'>attribuerunt</span> <span class='ocrx_word' id='word_1_351' title='bbox 1111 4487 1264 4551; x_wconf 86' lang='lat' dir='ltr'>naturae,</span> <span class='ocrx_word' id='word_1_352' title='bbox 1285 4485 1321 4539; x_wconf 91' lang='lat' dir='ltr'>et</span> <span class='ocrx_word' id='word_1_353' title='bbox 1345 4473 1425 4536; x_wconf 90' lang='lat' dir='ltr'>inde</span> 
     </span>
     <span class='ocr_line' id='line_1_41' title="bbox 310 4569 1424 4662; baseline -0.011 -20"><span class='ocrx_word' id='word_1_354' title='bbox 310 4588 522 4662; x_wconf 80' lang='lat' dir='ltr'>negaverunt</span> <span class='ocrx_word' id='word_1_355' title='bbox 552 4578 668 4652; x_wconf 90' lang='lat' dir='ltr'>corde,</span> <span class='ocrx_word' id='word_1_356' title='bbox 698 4576 839 4642; x_wconf 87' lang='lat' dir='ltr'>tametsi</span> <span class='ocrx_word' id='word_1_357' title='bbox 872 4595 941 4638; x_wconf 91' lang='lat' dir='ltr'>non</span> <span class='ocrx_word' id='word_1_358' title='bbox 974 4593 1045 4648; x_wconf 91' lang='lat' dir='ltr'>ore,</span> <span class='ocrx_word' id='word_1_359' title='bbox 1076 4571 1250 4647; x_wconf 87' lang='lat' dir='ltr'>Divinum,</span> <span class='ocrx_word' id='word_1_360' title='bbox 1281 4569 1424 4652; x_wconf 89' lang='lat' dir='ltr'>proinde</span> 
     </span>
    </p>
   </div>
   <div class='ocr_carea' id='block_1_6' title="bbox 0 0 1680 5366">
    <p class='ocr_par' dir='ltr' id='par_1_7' title="bbox 0 0 1680 5366">
     <span class='ocr_line' id='line_1_42' title="bbox 0 0 1680 5366; baseline 0 4"><span class='ocrx_word' id='word_1_361' title='bbox 0 0 1680 5366; x_wconf 95' lang='lat' dir='ltr'> </span> 
     </span>
    </p>
   </div>
  </div>
 </body>
</html>
