3368 5356
386 649 611 706 Umvltnsurr
627 650 785 704 cauum
805 651 957 708 REFERT
976 649 1087 704 UNUM
1107 649 1303 703 HOMINEM.
1365 654 1405 718 41

284 833 321 888 et
340 823 432 906 quod
451 822 511 888 illa
530 823 599 888 sint
619 823 653 886 in
673 821 774 887 simili
792 823 911 898 forma,
932 823 1012 906 quia
1029 821 1090 887 illa
1108 831 1218 904 agunt
1237 822 1271 886 in
1291 821 1408 904 singu·

286 918 454 982 latissima
483 917 636 1000 corporis
667 918 754 982 sicut
788 919 960 982 internum
994 917 1027 980 in
1061 926 1266 996 externum3
1303 917 1409 982 homo

284 1015 400 1096 itaque
420 1035 465 1078 ex
484 1013 551 1076 illis
567 1022 711 1078 vocatur
726 1015 881 1078 internus
897 1023 933 1078 et
952 1011 1138 1095 spiritualis
1154 1013 1268 1076 homo.
1313 1011 1410 1077 Talis

285 1109 390 1173 homo
409 1111 442 1173 in
463 1109 615 1172 maxima
633 1118 669 1172 et
690 1107 936 1192 perleeiissima
953 1109 1062 1172 forma
1081 1119 1135 1171 est
1155 1108 1297 1172 caelum.

349 1204 419 1269 61·
449 1203 546 1268 Talis
563 1205 642 1268 idea
660 1215 714 1268 est
733 1205 934 1286 angelorum
953 1205 996 1267 de
1015 1204 1154 1266 homine
1170 1225 1177 1280 ;
1201 1213 1409 1286 quapropter

285 1318 452 1382 nusquam
471 1301 661 1364 attendunt
684 1300 728 1363 ad
752 1300 811 1364 illa
833 1296 919 1382 quae
943 1297 1048 1363 homo
1067 1319 1210 1382 corpore
1233 1299 1326 1372 lacit,
1347 1299 1408 1362 sed

284 1393 328 1456 ad
350 1393 567 1459 voluntatem
591 1413 636 1458 ex
660 1415 728 1478 qua
750 1414 873 1478 corpus
896 1395 999 1458 lacit:
1034 1393 1123 1457 hanc
1146 1403 1274 1458 vocant
1298 1395 1408 1475 ipsum

283 1487 469 1564 hominem,
504 1499 540 1553 et
572 1487 787 1554 intellectum
821 1499 988 1574 quantum
1021 1489 1079 1552 ille
1113 1507 1191 1553 cum
1224 1487 1409 1554 voluntate

284 1603 388 1647 unum
408 1583 562 1666 ag'itlml

347 1677 418 1742 62.
447 1678 578 1761 Angeli
597 1679 735 1763 quidem
758 1699 827 1743 non
850 1679 972 1744 vident
995 1675 1131 1744 caelum'
1153 1679 1188 1742 in
1211 1687 1291 1745 toto
1312 1697 1408 1743 com·

284 1772 390 1854 plexu
409 1774 443 1836 in
462 1774 525 1838 tali
543 1775 662 1850 forma,
683 1793 762 1838 nam
782 1783 897 1838 totum
916 1773 1049 1839 caelum
1068 1795 1138 1839 non
1157 1775 1251 1840 cadit
1271 1777 1304 1838 in
1324 1793 1408 1838 con·

283 1865 439 1950 spectum
468 1869 610 1951 alicujus
640 1869 766 1952 angeli,
791 1871 852 1934 sed
882 1870 1003 1934 vident
1033 1870 1248 1954 quandoque.
1269 1871 1408 1935 dissitas

282 1964 480 2040 societates,
500 1985 587 2048 quae
606 1987 651 2028 ex
672 1966 789 2030 multis
809 1965 959 2028 millibus
978 1965 1181 2048 angelorum
1198 1968 1406 2042 consistunt,
1512 2041 1515 2054 Ι

283 2067 321 2121 ut
339 2078 442 2122 unum
461 2060 496 2122 in
519 2059 581 2124 tali
599 2061 726 2138 lorma;
755 2071 790 2124 et
814 2082 860 2124 ex
883 2062 1052 2124 societate
1076 2071 1112 2124 ut
1136 2082 1181 2124 ex
1205 2069 1305 2144 parte
1323 2081 1407 2124 con·

283 2153 427 2218 cludunt
444 2155 488 2218 ad
511 2173 693 2219 commune
713 2156 804 2239 quod
824 2165 878 2219 est
897 2156 1053 2234 caelum;
1079 2175 1157 2220 nam
1178 2157 1210 2219 in
1231 2153 1407 2238 perlectis·

283 2251 369 2314 sima
390 2249 499 2314 forma
521 2251 716 2315 communia
744 2272 781 2316 se
811 2251 944 2316 habent
966 2253 1054 2316 sicut
1078 2261 1206 2334 partes,
1227 2261 1263 2315 et
1291 2259 1407 2333 partes

281 2345 370 2409 sicut
393 2347 589 2410 communia
602 2367 611 2424 ;
645 2346 829 2410 discrimen
854 2347 959 2410 modo
989 2356 1043 2410 est
1072 2349 1161 2410 sicut
1183 2348 1274 2410 inter
1295 2345 1407 2410 simile

283 2441 390 2523 majus
409 2451 445 2506 et
464 2443 586 2506 minus.
631 2441 716 2506 Inde
735 2443 866 2517 dicunt,
884 2443 975 2526 quod
995 2451 1109 2506 totum
1126 2442 1259 2506 caelum
1275 2441 1347 2506 tale
1363 2441 1408 2505 sit

281 2537 315 2599 in
335 2535 523 2620 conspectu
541 2536 691 2614 Domini,
708 2538 788 2621 quia
804 2536 966 2602 Divinum
984 2559 1031 2602 ex
1049 2539 1172 2602 intimo
1190 2547 1227 2602 et
1246 2555 1407 2620 supremo

282 2633 399 2696 omnia
417 2631 523 2696 videt.

346 2727 420 2808 63·
451 2725 541 2809 Quia
562 2727 696 2792 caelum
719 2727 791 2792 tale
818 2737 884 2805 est,
908 2727 988 2792 ideo
1010 2749 1146 2812 quoque
1168 2729 1299 2811 regitur
1321 2727 1406 2792 illud

281 2843 303 2886 a
321 2821 471 2888 Domino
490 2824 578 2888 sicut
597 2844 683 2888 unus
702 2823 818 2899 homo,
839 2834 874 2888 et
904 2825 985 2888 inde
1014 2825 1103 2888 sicut
1126 2843 1252 2888 unum:
1284 2833 1406 2888 notum

281 2919 372 2982 enim
388 2928 454 2994 est,
471 2920 562 3002 quod
579 2920 720 2983 tametsi
738 2919 844 2983 homo
860 2920 1020 2984 consistit
1039 2941 1085 2984 ex
1103 2919 1406 2984 innumerabilibus

280 3013 392 3089 variis,
417 3015 546 3078 tamin
570 3024 649 3078 toto
671 3033 773 3096 quam
803 3015 837 3078 in
860 3023 970 3097 parte,
994 3015 1028 3078 in
1059 3024 1138 3079 toto
1161 3036 1206 3078 ex
1230 3015 1404 3091 membris,

280 3109 430 3190 organis,
451 3119 487 3173 et
506 3110 704 3186 visceribus,
722 3110 756 3172 in
775 3119 872 3191 parte
896 3131 941 3174 ex
965 3109 1117 3174 seriebus
1136 3108 1306 3185 fibrarum,
1327 3130 1404 3174 ner-

280 3223 411 3280 vorum,
436 3213 471 3269 et
496 3224 655 3268 vasorum
679 3205 954 3286 sanguineorum,
979 3206 1029 3269 ita
1058 3225 1104 3270 ex
1128 3205 1290 3268 membris
1313 3205 1405 3270 intra

280 3299 435 3362 membra
457 3301 562 3363 et'ex
584 3298 738 3381 partibus
760 3299 851 3362 intra
869 3309 996 3381 partes,
1017 3319 1124 3382 usque
1146 3308 1263 3364 tamen
1286 3299 1403 3375 homo,

281 3413 358 3458 cum
388 3395 472 3476 agit,
496 3395 585 3458 sicut
615 3415 700 3458 unus
730 3395 824 3476 agit:
859 3394 931 3459 tale
955 3395 1061 3459 etiam
1092 3405 1146 3460 est
1175 3394 1311 3460 caelum
1340 3395 1404 3460 sub

280 3489 434 3571 auspicio
451 3499 488 3554 et
507 3487 611 3554 ductu
630 3489 779 3554 Domini.

343 3583 419 3666 64·
450 3583 552 3666 Quod
575 3593 631 3648 tot
654 3585 749 3648 varia
770 3585 805 3648 in
827 3585 967 3649 homine
986 3603 1089 3648 unum
1108 3593 1228 3666 agant,
1248 3595 1302 3650 est
1325 3587 1404 3669 quia

281 3677 367 3744 nihil
396 3679 577 3762 quicquam
606 3679 653 3744 ibi
680 3689 746 3754 est,
766 3681 859 3762 quod
888 3699 957 3744 non
987 3679 1115 3763 aliquid
1144 3680 1227 3744 lacit
1255 3682 1300 3745 ad
1329 3704 1402 3748 rem

280 3792 508 3849 communem,
532 3783 569 3838 et
592 3784 746 3856 praestat
770 3793 887 3852 usum;
920 3795 1101 3839 commune
1125 3783 1281 3857 praestat
1305 3797 1403 3841 usum

279 3868 435 3951 partibus
464 3859 544 3946 suis,
568 3879 605 3934 et
637 3878 755 3953 partes
782 3879 961 3952 praestant
991 3891 1089 3934 usum
1112 3872 1298 3948 communi,
1322 3892 1403 3936 nam

678 4097 1006 4154 (unumunurm)

408 4199 421 4268 )
440 4196 531 4271 Quod
541 4197 683 4256 voluntas
696 4199 828 4255 bominis
841 4199 881 4255 sit
895 4200 992 4272 ipsum
1004 4200 1077 4256 Esse
1086 4200 1167 4257 vitae
1177 4201 1264 4266 illius,
1274 4212 1305 4258 et
1317 4201 1401 4274 quod

278 4269 341 4325 inte
352 4270 381 4325 le
412 4285 448 4325 us
461 4270 500 4325 sit
515 4269 649 4326 Existere
663 4271 743 4327 vitae
756 4272 826 4326 inde
840 4273 881 4341 (n.
895 4271 972 4342 36¹9,
985 4283 1061 4342 5002,
1074 4273 1168 4341 9282).

331 4338 421 4412 Quod
434 4341 498 4396 vita
507 4341 672 4396 voluntatis
684 4342 724 4398 sit
738 4342 976 4413 principalisvica
989 4343 1127 4405 hominis.
1141 4353 1173 4398 et
1185 4344 1266 4414 quod
1280 4343 1344 4399 vita
1355 4343 1402 4399 iu·

276 4409 416 4467 selletiur
437 4413 582 4482 procedat
604 4413 675 4468 inde
698 4415 738 4481 (n.
762 4412 821 4482 585.
839 4425 899 4483 590,
920 4413 997 4484 3619,
1017 4427 1096 4483 7342,
1113 4415 1192 4484 8885,
1207 4414 1286 4484 9282,
1305 4414 1399 4482 ιωγό,

280 4483 532 4624 miff’uririligmo
551 4553 698 4609 sichomo
717 4571 754 4608 ex
775 4555 932 4612 voluntate
953 4565 985 4611 et
1006 4555 1076 4612 inde
1091 4553 1245 4613 intelleclu
1265 4557 1306 4626 (n.
1321 4555 1400 4628 8911,

277 4623 357 4695 9⁰⁶9·
370 4637 449 4695 9071,
466 4623 559 4692 10076,
575 4639 668 4695 10109.
685 4627 792 4691 rouo).
