3408 5358
437 665 488 714 DE
506 663 750 715 SAPIENTIBUS
768 661 816 712 ET
834 659 1068 712 SIMPLICIBUS
1086 660 1127 711 IN
1146 659 1282 711 CAELO.
1347 661 1407 710 2¹1

290 833 415 898 amoris
441 833 522 898 boni
552 841 588 898 et
617 831 697 896 veri.
742 831 872 896 Amare
901 848 1017 894 verum
1046 839 1084 916 et
1113 829 1241 894 bonum
1268 837 1409 911 propter

289 948 406 992 verum
418 937 455 990 et
471 929 610 1002 bonum,
622 936 676 990 est
688 925 779 990 velle
791 925 850 988 illa
864 933 900 988 et
914 923 1027 988 facere
1038 923 1109 998 illa,
1121 941 1201 986 nam
1214 923 1269 1005 qui
1286 922 1408 986 volunt
1435 995 1443 1010 ,

289 1033 326 1088 et
341 1023 469 1086 faciunt
484 1022 534 1084 ilii
549 1030 679 1095 amant,
697 1037 766 1084 non
782 1029 897 1084 autem
913 1020 970 1100 qui
986 1038 1057 1082 non
1069 1017 1189 1082 volunt
1205 1026 1242 1080 et
1258 1017 1405 1080 faciunt:

289 1117 338 1180 iiii
353 1117 460 1180 etiam
475 1125 555 1178 sunt
567 1115 624 1197 qui
639 1123 758 1178 amant
775 1113 971 1188 Dominum,
985 1123 1021 1176 et
1034 1121 1194 1176 amantur
1208 1131 1229 1173 a
1246 1111 1406 1186 Domino,

289 1212 449 1293 quoniam
467 1209 596 1273 bonum
616 1218 653 1272 et
671 1226 788 1272 verum
806 1217 887 1270 sunt
905 1225 927 1270 a
949 1206 1111 1281 Domino,
1130 1215 1167 1268 et
1185 1205 1265 1286 quia
1283 1213 1364 1268 sunt
1386 1224 1408 1268 a

289 1304 451 1379 Domino,
471 1304 577 1366 etiam
594 1303 723 1377 inillis,
743 1319 867 1382 nempe
885 1301 920 1364 in
938 1300 1032 1364 bono
1049 1309 1086 1364 et
1104 1319 1196 1374 vero,
1213 1308 1267 1362 est
1287 1298 1406 1363 Dorni·

289 1419 372 1477 nus3
403 1398 545 1480 proinde
574 1398 680 1460 etiam
703 1395 795 1476 apud
821 1395 911 1470 illos,
935 1395 992 1476 qui
1020 1394 1187 1475 recipiunt
1213 1393 1341 1456 bonum
1370 1403 1406 1457 et

287 1512 411 1562 verum,
422 1493 457 1556 in
475 1512 537 1554 sua
555 1492 628 1554 vita
646 1509 706 1571 per
724 1489 814 1554 velle
833 1499 869 1554 et
887 1489 1009 1552 facere.
1055 1487 1172 1552 Homo
1189 1487 1294 1552 etiam
1313 1487 1346 1550 in
1369 1507 1407 1550 se

288 1585 463 1670 spedtatus
482 1606 552 1650 non
575 1593 630 1650 est
653 1585 716 1648 nisi
734 1603 836 1666 quam
851 1602 949 1646 suum
972 1584 1100 1646 bonum
1123 1591 1160 1646 et
1183 1601 1311 1656 verum,
1327 1581 1407 1664 quia

288 1683 414 1745 bonurn
436 1691 490 1744 est
513 1679 584 1760 ejus
603 1679 794 1744 voluntatis
818 1689 854 1741 et
884 1697 1002 1740 verum
1023 1687 1078 1741 est
1101 1677 1173 1758 ejus
1196 1673 1403 1751 intelledius‚

287 1786 323 1840 et
341 1775 446 1839 homo
465 1775 545 1838 talis
563 1786 618 1838 est
636 1773 745 1856 qualis
764 1771 835 1853 ejus
853 1771 1015 1836 voluntas
1033 1781 1069 1836 et
1088 1768 1302 1835 intelleftus:
1326 1771 1405 1834 inde

287 1879 394 1952 patet,
411 1869 501 1950 quod
517 1868 623 1932 homo
638 1877 776 1932 tantum
791 1886 813 1928 a
828 1866 978 1928 Domino
993 1875 1138 1940 ametur,
1152 1874 1318 1947 quantum
1335 1864 1405 1944 ejus

287 1963 448 2027 voluntas
464 1963 610 2026 formata
628 1970 681 2024 est
698 1981 719 2024 a
736 1961 840 2036 bono,
857 1969 894 2024 et
912 1958 1111 2025 intelieEtus
1126 1959 1293 2024 formatus
1311 1969 1365 2022 est
1384 1979 1405 2022 a

286 2079 377 2122 vero.
421 2056 543 2120 Amari
559 2076 580 2118 a
596 2056 747 2120 Domino
763 2064 817 2119 est
834 2075 968 2136 quoque
984 2075 1100 2118 amare
1113 2053 1310 2129 Dominum,
1324 2074 1404 2116 nam

287 2173 383 2216 amor
401 2162 455 2216 est
474 2152 689 2232 reciprocus;
711 2150 773 2214 dat
791 2150 882 2214 enim
901 2148 1070 2212 Dominus
1087 2150 1119 2214 ei
1137 2150 1195 2232 qui
1213 2159 1348 2214 amatur
1367 2158 1404 2212 ut

289 2256 393 2312 amet.

348 2354 444 2422 331.
475 2339 515 2403 In
538 2336 667 2402 mundo
685 2337 846 2413 creditur,
866 2338 957 2420 quod
979 2338 1036 2422 qui
1058 2337 1168 2402 multa
1190 2338 1312 2414 sciunt,
1332 2339 1403 2402 sive

286 2434 330 2498 sit
348 2454 394 2496 ex
412 2431 576 2496 doctrinis
594 2431 762 2496 ecclesiae
780 2451 820 2494 ac
837 2427 968 2506 Verb0,
981 2433 1053 2496 sive
1071 2453 1117 2496 ex
1136 2433 1300 2508 scientiis,
1313 2434 1402 2497 inte·

285 2529 352 2592 rius
371 2537 406 2591 et
425 2528 559 2590 acutius
576 2526 715 2604 reliquis
733 2526 876 2590 videant
894 2546 985 2601 vera,
1005 2526 1055 2591 ita
1073 2525 1164 2608 quod
1183 2525 1258 2608 pius
1277 2525 1403 2590 intelli·

284 2629 370 2702 gant
393 2629 428 2686 et
453 2621 613 2702 sapiant;
644 2619 747 2682 iidem
770 2620 814 2684 de
837 2629 948 2683 semet
971 2619 1128 2684 similiter
1150 2621 1313 2684 credunt:
1342 2622 1402 2685 sed

284 2714 364 2796 quid
386 2734 467 2778 vera
491 2713 722 2794 intelligentia
745 2723 781 2776 et
812 2714 993 2792 sapientia,
1012 2713 1093 2796 quid
1115 2715 1240 2796 spuria,
1264 2725 1300 2778 et
1323 2716 1403 2798 quid

284 2808 380 2882 falsa,
397 2810 431 2872 in
452 2828 540 2872 nunc
561 2807 785 2889 sequentibus
804 2808 948 2872 dicetur.

346 2901 440 2966 Vera
457 2903 692 2983 intelligentia
710 2911 746 2964 et
770 2903 940 2983 sapientia
957 2910 1013 2966 est
1031 2902 1147 2966 videre
1170 2911 1205 2968 et
1228 2903 1402 2987 percipere

283 2997 364 3079 quid
386 3016 502 3060 verum
525 3006 561 3060 et
585 2997 724 3072 bonum,
745 3005 780 3059 et
801 2995 881 3058 inde
903 2996 982 3078 quid
1005 2995 1127 3060 falsum
1151 3006 1187 3060 et
1210 2997 1348 3074 malum,
1367 3008 1403 3064 et
1422 3055 1425 3062 ⁴

283 3091 342 3154 illa
359 3094 466 3174 probe
482 3093 704 3174 distinguere,
722 3101 758 3154 et
776 3090 842 3154 hoc
861 3112 907 3155 ex
923 3092 1109 3156 intuitione
1127 3101 1164 3156 et
1179 3095 1403 3175 perceptione

282 3185 451 3250 interiore.
492 3185 597 3267 Apud
617 3186 877 3269 unumquemvis
895 3186 1071 3250 hominem
1087 3194 1166 3250 sunt
1184 3187 1348 3252 interiora
1364 3197 1402 3252 et

283 3281 455 3344 exteriora
466 3302 474 3358 ;
499 3283 661 3344 interiora
679 3291 760 3344 sunt
784 3301 871 3363 quae
894 3290 974 3344 sunt
993 3281 1120 3344 interni
1138 3301 1199 3344 seu
1216 3283 1401 3362 spiritualis

281 3374 439 3450 hominis,
459 3377 633 3440 exteriora
652 3385 768 3440 autem
791 3395 879 3457 quae
898 3385 979 3440 sunt
998 3376 1135 3439 externi
1158 3396 1217 3438 seu
1236 3378 1400 3442 naturalis

281 3467 447 3548 hominis;
470 3471 559 3534 sicut
573 3471 736 3534 interiora
752 3469 900 3534 formata
915 3479 1007 3544 sunt,
1024 3478 1061 3535 et
1079 3489 1157 3534 cum
1172 3471 1401 3536 exterioribus

281 3582 383 3627 unum
398 3563 536 3638 faciunt,
555 3566 604 3627 ita
620 3564 726 3628 homo
742 3565 838 3626 videt
854 3573 891 3626 et
907 3564 1064 3646 percipit.
1109 3563 1274 3628 Interiora
1289 3565 1399 3630 homi·

281 3659 331 3720 nis
354 3677 423 3722 non
450 3658 586 3722 formari
606 3666 751 3740 possunt
775 3677 877 3740 quam
901 3661 935 3722 in
958 3659 1067 3735 caelo,
1087 3659 1262 3724 exteriora
1283 3670 1400 3726 autem

279 3750 467 3816 formantur
481 3754 514 3816 in
528 3755 665 3818 mundo.
709 3750 794 3817 Cum
807 3753 971 3818 interiora
985 3754 1133 3818 formata
1144 3763 1225 3818 sunt
1241 3755 1275 3818 in
1290 3755 1398 3831 caelo,

280 3856 360 3910 tunc
382 3846 452 3920 illa,
477 3867 564 3929 quae
585 3846 644 3923 ibi,
669 3846 812 3912 influunt
836 3849 871 3912 in
894 3849 1070 3912 exteriora
1092 3868 1180 3930 quae
1209 3869 1229 3912 e
1259 3850 1397 3926 mundo,

279 3947 314 4002 et
336 3937 483 4002 formant
507 3961 548 4004 ea
578 3941 622 4004 ad
650 3943 1004 4024 correspondentiam,
1029 3943 1095 4006 hoc
1126 3951 1192 4018 est,
1215 3953 1253 4006 ut
1283 3963 1398 4008 secum

279 4051 380 4096 unum
396 4043 524 4113 agant3
544 4034 609 4099 hoc
627 4057 703 4100 cum
720 4035 846 4104 fastum
863 4049 929 4115 est,
948 4037 1053 4101 homo
1068 4037 1113 4100 ab
1127 4037 1288 4100 interiore
1305 4037 1398 4102 videt

277 4135 313 4188 et
336 4129 490 4208 percipit.
537 4129 586 4194 Ut
606 4133 769 4196 interiora
787 4135 987 4210 formentur,
1007 4133 1143 4196 unicum
1163 4133 1313 4194 medium
1332 4142 1397 4208 est,

278 4228 314 4282 ut
330 4219 434 4284 homo
451 4223 585 4306 speftet
601 4228 643 4292 ad
663 4227 823 4292 Divinum
843 4239 879 4294 et
894 4229 938 4294 ad
955 4227 1099 4303 caelum,
1113 4247 1203 4302 nam,
1217 4236 1254 4290 ut
1271 4223 1398 4288 diftum

276 4321 341 4388 est,
358 4315 520 4384 interiora
536 4321 725 4385 formantur
740 4323 773 4385 in
790 4323 908 4401 caelo;
931 4333 967 4386 et
984 4334 1065 4386 tunc
1082 4319 1217 4403 speEtat
1232 4320 1338 4384 homo
1353 4319 1398 4384 ad

277 4404 448 4487 Divinum,
470 4434 546 4477 cum
566 4415 676 4479 credit
696 4415 871 4490 Divinum,
891 4426 926 4480 et
950 4417 1060 4480 credit
1079 4415 1169 4498 quod
1192 4417 1271 4480 inde
1295 4435 1397 4480 omne

276 4521 392 4570 verum
409 4517 446 4572 et
462 4507 600 4584 bonurn,
618 4509 760 4590 proinde
777 4511 888 4574 omnis
904 4509 1138 4592 intelligentia
1153 4518 1189 4576 et
1205 4510 1395 4592 sapientia;
