3368 5356
284 627 328 694 90
611 621 662 692 DE
684 621 811 674 CAELO
833 621 881 672 ET
905 619 1088 674 INFERNO.

284 814 356 861 rem
379 794 488 860 influit
512 794 547 858 in
570 792 789 858 voluntatem
811 792 959 868 illorum,
983 801 1020 858 et
1043 791 1125 856 lacit
1149 788 1193 858 Se
1216 791 1324 856 videri
1347 809 1408 874 per

284 889 510 964 intelledium
530 889 584 952 cui
602 888 876 970 correspondent
894 884 1061 952 oculilml

347 987 445 1070 146.
475 982 544 1047 Sed
567 982 726 1047 differunt
750 983 874 1066 plagae
903 983 937 1046 in
967 982 1073 1046 caelis
1100 982 1157 1064 qui
1187 981 1406 1045 constituunt

284 1099 428 1164 regnum
444 1079 596 1144 caeleste
614 1078 762 1154 Domini,
780 1099 800 1142 a
815 1078 927 1161 plagis
945 1080 979 1142 in
999 1077 1102 1142 caelis
1118 1077 1174 1160 qui
1190 1077 1407 1142 constituunt

284 1195 428 1260 regnum
447 1173 622 1257 spirituale
642 1173 762 1256 Ipsius,
783 1193 828 1237 ex
851 1193 954 1238 causa
976 1175 1054 1257 quia
1076 1173 1244 1262 Dominus
1263 1183 1406 1254 apparet

283 1271 415 1354 angelis
438 1271 493 1352 qui
516 1269 550 1332 in
573 1289 682 1351 regno
706 1269 816 1350 Ipsius
839 1267 981 1334 caelesti
1004 1277 1084 1332 sunt
1107 1277 1144 1332 ut
1175 1266 1246 1343 Sol,
1271 1266 1406 1348 angelis

284 1378 399 1431 autem
416 1367 523 1449 quiin
540 1385 648 1447 regno
664 1364 774 1446 Ipsius
790 1365 955 1446 spirituali
974 1373 1011 1428 ut
1027 1363 1145 1442 Luna;
1169 1373 1206 1428 et
1222 1364 1335 1428 oriens
1350 1373 1405 1427 est

283 1462 338 1526 ubi
365 1462 533 1525 Dominus
555 1469 710 1542 apparet.
756 1457 931 1522 Distantia
953 1459 1042 1522 inter
1065 1457 1181 1522 Solem
1204 1468 1240 1524 et
1269 1457 1404 1524 Lunam

282 1559 329 1621 ibi
341 1566 395 1620 est
408 1557 553 1638 triginta
563 1555 749 1636 graduum:
773 1554 853 1618 inde
865 1553 983 1616 similis
998 1562 1052 1616 est
1070 1553 1258 1636 plagarum.
1303 1551 1405 1636 Quod

282 1651 415 1716 caelum
435 1648 634 1715 distindium
657 1651 702 1714 sit
732 1649 766 1712 in
794 1649 861 1712 duo
884 1667 1001 1730 regna,
1025 1668 1112 1731 quae
1135 1658 1304 1713 vocantur
1326 1669 1404 1732 reg·

281 1765 362 1809 num
378 1744 529 1810 caeleste
545 1755 581 1809 et
597 1763 742 1825 regnum
758 1742 950 1824 spirituale,
962 1743 1118 1806 videatur
1133 1743 1167 1806 ln
1182 1763 1245 1808 suo
1260 1744 1406 1808 articulo

283 1841 335 1923 (n.
359 1838 500 1922 20-28):
532 1848 567 1903 et
591 1838 682 1922 quod
703 1837 870 1902 Dominus
888 1847 1052 1919 appareat
1075 1839 1109 1902 in
1132 1858 1240 1920 regno
1262 1837 1405 1904 caelesti

282 1944 321 1998 ut
341 1933 412 2010 Sol,
431 1944 468 1997 et
486 1935 520 1996 in
539 1953 647 2015 regno
666 1931 831 2013 spirituali
849 1940 886 1996 ut
906 1932 1004 1996 Luna
1024 1929 1072 2014 (n.
1095 1933 1189 2016 118):
1222 1932 1282 1997 sed
1299 1953 1404 2016 usque

282 2029 406 2110 plagae
426 2029 512 2092 caeli
531 2048 591 2109 per
608 2027 642 2090 id
666 2047 735 2090 non
754 2023 973 2092 indistinctae
992 2026 1087 2104 fiunt,
1107 2029 1268 2110 quoniam
1288 2028 1403 2110 angeli

280 2122 476 2204 spirituales
499 2143 568 2186 non
596 2131 741 2204 possunt
764 2121 951 2184 ascendere
978 2122 1023 2186 ad
1052 2123 1196 2204 angelos
1219 2122 1401 2198 caelestes,

280 2237 343 2282 nec
363 2217 397 2281 hi
416 2218 626 2281 descendere
644 2217 688 2282 ad
707 2215 784 2280 illos
805 2215 978 2299 (videatur
996 2237 1028 2280 n.
1049 2231 1098 2298 35,
1119 2215 1247 2300 supra).

343 2327 437 2396 147.
467 2312 552 2375 Inde
572 2321 681 2395 patet,
701 2310 810 2394 qualis
830 2312 1024 2392 praesentia
1043 2311 1182 2374 Domini
1197 2321 1251 2375 est
1270 2312 1305 2376 in
1323 2331 1402 2378 cae·

281 2405 333 2482 lis,
351 2407 442 2488 quod
459 2407 504 2470 sit
522 2407 641 2482 ubivis,
659 2415 694 2470 et
713 2405 804 2487 apud
820 2407 1078 2488 unumquemvis
1096 2407 1130 2468 in
1146 2406 1239 2470 bono
1254 2416 1290 2472 et
1308 2427 1401 2482 vero,

280 2521 366 2583 quae
396 2501 440 2563 ab
469 2500 550 2582 Ipso
573 2501 787 2582 procedunt3
817 2509 1068 2582 consequenter
1090 2501 1181 2583 quod
1203 2503 1248 2565 sit
1278 2502 1312 2564 in
1341 2521 1403 2564 suo

279 2594 370 2676 apud
392 2596 536 2676 angelos
568 2594 620 2679 (ut
650 2615 761 2676 supra,
786 2615 818 2658 n.
853 2611 901 2670 12,
926 2592 1054 2659 dietum
1084 2594 1166 2678 est).
1222 2597 1401 2678 Perceptio

278 2693 496 2772 praesentiae
516 2691 654 2754 Domini
674 2700 727 2754 est
750 2692 784 2754 in
803 2691 1019 2755 interioribus
1038 2712 1176 2769 eorum;
1199 2712 1245 2754 ex
1265 2690 1332 2755 illis
1351 2693 1400 2756 vi-

279 2785 364 2850 dent
383 2786 482 2862 oculi,
502 2787 551 2849 ita
570 2787 686 2868 Ipsum
704 2797 807 2850 extra
825 2807 872 2860 se,
891 2787 968 2867 quia
986 2797 1040 2850 est
1059 2789 1268 2850 continuum.
1315 2787 1401 2850 Inde

279 2891 439 2946 constare
462 2891 591 2963 potest,
611 2882 785 2964 quomodo
804 2881 1066 2962 intelligendum
1085 2893 1150 2957 est,
1170 2883 1261 2964 quod
1280 2881 1400 2946 Domi·

278 2995 343 3040 nus
376 2977 420 3040 sit
452 2977 487 3040 in
522 2976 599 3053 illis,
623 2985 659 3040 et
694 2976 743 3040 illi
776 2977 811 3039 in
844 2975 1005 3052 Domino,
1039 2977 1227 3041 secundum
1260 2976 1400 3042 Domini

277 3071 393 3146 verba,

294 3267 297 3274 .
327 3205 461 3255 '‘Manete
474 3205 501 3254 in
515 3204 569 3265 Me,
581 3215 609 3255 et
622 3205 681 3267 Ego
696 3205 724 3254 in
737 3206 815 3254 vobis
824 3203 839 3225 '¹
852 3203 927 3270 (Joh.
941 3219 984 3255 xv·
996 3205 1039 3266 tl:

329 3271 404 3335 “Qui
422 3271 478 3320 edit
495 3286 583 3320 meam
596 3286 715 3329 carnem,
727 3281 755 3322 et
772 3271 839 3321 bibit
857 3285 947 3321 meum
968 3273 1137 3334 sanguinem.
1150 3272 1178 3322 in
1198 3271 1244 3322 Me
1261 3282 1356 3324 manet
1373 3284 1400 3323 et

410 3336 469 3399 Ego
481 3337 510 3386 in
522 3335 591 3386 illo''
602 3334 677 3402 (Joh.
687 3337 722 3386 vi.
736 3337 792 3400 5⁶)ss

279 3474 389 3534 “caro
415 3469 578 3532 Domini”
601 3468 770 3552 significat
797 3469 957 3535 Divinum
982 3469 1126 3545 Bonum,
1150 3481 1186 3535 et
1210 3472 1400 3554 “sanguis'’

277 3563 439 3628 Divinum
459 3561 654 3627 verumlffll

679 3779 717 3831 lu
725 3790 823 3823 11011111
833 3781 997 3835 mmm)

331 3879 414 3948 (aaa)
440 3876 530 3968 Quod
544 3877 626 3932 frons
638 3877 872 3947 correspondeat
882 3878 976 3932 amori
990 3879 1120 3940 caelesti,
1130 3889 1161 3934 et
1173 3878 1252 3950 quod
1266 3879 1335 3935 ideo
1347 3895 1401 3951 per

278 3947 434 4004 “irontem
473 3949 501 4002 in
516 3949 616 4003 Verbo
630 3948 678 4002 ille
690 3965 775 4003 amor
787 3949 973 4018 significetur
986 3949 1026 4018 (n.
1039 3951 1130 4018 9936).

331 4017 421 4090 Quod
437 4019 542 4073 oculus
554 4019 787 4088 correspondeat
801 4017 974 4081 intellectui,
986 4019 1057 4090 quia
1071 3991 1241 4088 intelleilus
1256 4030 1303 4076 est
1317 4019 1399 4076 visus

278 4089 415 4144 internus
424 4090 466 4158 (n.
480 4103 557 4154 2701,
570 4103 649 4156 4410,
660 4089 739 4158 4326,
753 4101 832 4158 9031,
849 4089 955 4158 10569).

331 4159 430 4232 Quare
445 4160 574 4214 “tollere
593 4159 720 4214 oculos''
736 4170 768 4214 et
784 4160 937 4221 “videre''
949 4160 1099 4231 significat
1114 4160 1289 4233 intelligere,
1303 4163 1398 4231 perci·

279 4247 356 4302 pere,
378 4241 410 4286 et
429 4230 667 4286 animadvertere
689 4232 729 4300 (n.
752 4229 830 4299 2789,
854 4231 931 4300 2829,
949 4231 1026 4300 3198,
1041 4246 1117 4300 3200,
1132 4232 1212 4302 4083,
1224 4231 1303 4299 4086,
1318 4247 1398 4302 4339,

280 4301 371 4370 5⁶⁸4)-

333 4421 403 4490 (666)
423 4417 512 4492 Quod
527 4427 620 4476 “caro
631 4419 646 4440 ''
660 4417 782 4475 Domini
799 4419 829 4474 in
845 4419 947 4475 Verbo
962 4417 1111 4492 significet
1126 4418 1268 4476 Divinum
1283 4421 1398 4477 Huma-

279 4491 472 4630 111ἑ1211813ξ9εἱυε,
485 4507 520 4546 ac
536 4489 678 4546 Divinum
694 4489 812 4547 80110111
826 4491 948 4547 Amoris
965 4490 1062 4564 Ipsius
1078 4492 1119 4563 (n.
1136 4492 1213 4562 3813,
1227 4493 1304 4564 7850,
1318 4507 1396 4562 9127,
