3408 5358
310 635 372 718 278
631 649 682 700 DE
704 648 831 700 CAELO
854 649 904 700 ET
927 649 1110 704 INFERNO.

308 827 451 882 ostensa
473 828 554 882 sunt
579 818 622 882 de
645 819 739 884 Luce
768 828 805 884 et
838 817 963 884 Calore
986 818 1081 884 Caeli
1107 818 1154 902 (n.
1183 817 1341 903 126-140)
1355 841 1364 898 ;
1391 820 1433 884 de

309 913 436 978 Forma
460 913 555 980 Caeli
582 913 629 999 (n.
655 915 839 998 200-212);
874 917 917 978 de
941 913 1120 998 Sapientia
1143 915 1360 998 Angelorum
1385 914 1433 1000 (n.

308 1008 496 1094 265-275);
531 1020 567 1074 et
598 1011 632 1073 in
662 1011 818 1087 articulo,
851 1012 941 1094 quod
973 1010 1116 1076 Caelum
1144 1011 1257 1094 quoad
1287 1010 1433 1076 formam

307 1123 405 1169 suam
423 1107 457 1170 in
476 1115 555 1170 toto
574 1115 611 1170 et
635 1106 669 1168 in
689 1115 788 1189 parte
806 1105 932 1170 reserat
952 1104 1128 1170 hominem
1150 1105 1198 1188 (n.
1221 1107 1363 1189 59-77);
1397 1117 1434 1171 et

307 1197 374 1264 hoc
398 1221 444 1265 ex
468 1201 594 1264 Divino
616 1201 782 1267 Humano
806 1201 957 1278 Domini,
977 1221 1023 1265 ex
1046 1221 1115 1285 quo
1138 1199 1271 1268 caelum
1300 1213 1336 1267 et
1362 1202 1433 1286 ejus

307 1295 418 1362 forma
437 1295 485 1380 (n.
504 1294 639 1380 78-86).

370 1405 471 1475 455.
502 1391 600 1455 Haec
617 1410 704 1474 quae
724 1411 812 1455 nunc
832 1389 925 1455 dicta
943 1399 1035 1466 sunt,
1052 1390 1234 1456 rationalis
1249 1391 1355 1455 homo
1378 1389 1430 1451 in·

308 1485 468 1567 telligere
484 1495 614 1568 potest,
635 1505 714 1549 nam
738 1486 855 1550 videre
874 1495 993 1568 potest
1012 1505 1057 1548 ex
1074 1505 1252 1550 causarum
1272 1506 1376 1562 nexu,
1396 1493 1433 1550 et

308 1601 354 1644 ex
373 1581 462 1644 veris
484 1581 518 1644 in
542 1599 606 1644 suo
624 1581 764 1658 ordine;
795 1581 855 1644 sed
879 1580 985 1644 homo
1004 1580 1059 1662 qui
1083 1600 1152 1644 non
1170 1580 1349 1644 rationalis
1367 1590 1433 1656 est,

307 1674 368 1738 illa
389 1695 459 1738 non
478 1675 654 1758 intelligit.
700 1673 803 1756 Quod
819 1695 889 1738 non
908 1673 1097 1756 intelligat,
1119 1685 1199 1739 sunt
1219 1675 1333 1758 plures
1352 1695 1432 1738 cau·

307 1790 386 1834 sae:
414 1771 599 1854 praecipua
616 1779 671 1833 est
694 1769 786 1852 quod
810 1789 879 1833 non
897 1769 992 1845 velit,
1013 1771 1092 1852 quia
1114 1780 1195 1834 sunt
1218 1780 1340 1834 contra
1362 1769 1433 1852 ejus

306 1864 403 1942 falsa,
421 1885 507 1948 quae
523 1865 605 1929 fecit
621 1885 682 1928 sua
697 1885 779 1929 vera
796 1886 803 1942 ;
828 1875 864 1930 et
883 1865 939 1948 qui
954 1865 1032 1929 ideo
1048 1885 1118 1928 non
1136 1865 1210 1929 vult
1226 1866 1431 1948 intelligere,

306 1961 365 2024 ille
388 1961 535 2025 occlusit
557 1962 648 2024 viam
678 1960 765 2024 caeli
796 1960 840 2024 ad
872 1979 968 2024 suum
992 1960 1172 2035 rationale,
1197 1961 1290 2044 quod
1314 1971 1432 2026 tamen

307 2077 413 2140 usque
431 2057 553 2138 aperiri
570 2065 697 2138 potest,
716 2056 821 2119 modo
836 2055 998 2119 voluntas
1015 2075 1084 2119 non
1102 2057 1243 2120 resistat
1261 2055 1434 2140 (videatur

307 2171 420 2234 supra,
446 2172 478 2214 n.
506 2151 598 2234 424).
644 2149 746 2232 Quod
775 2150 881 2214 homo
911 2152 1021 2232 possit
1050 2151 1246 2234 intelligere
1279 2172 1371 2227 vera,
1396 2162 1433 2216 et

306 2248 487 2312 rationalis
510 2267 597 2323 esse,
617 2247 722 2310 modo
744 2247 840 2322 uelit,
860 2247 926 2310 hoc
947 2246 1030 2310 mihi
1052 2247 1276 2329 permultam
1295 2249 1432 2330 experi-

307 2343 437 2406 entiam
461 2353 639 2406 ostensum
663 2351 728 2406 est.
774 2340 919 2422 Saepius
942 2341 1023 2406 mali
1046 2343 1196 2424 spiritus,
1217 2342 1275 2424 qui
1298 2343 1432 2406 irratio·

307 2437 405 2500 nales
420 2434 501 2500 sam
517 2447 597 2500 sunt
614 2456 675 2519 per
691 2436 725 2500 id
744 2437 836 2519 quod
855 2437 888 2499 in
905 2436 1034 2500 mundo
1051 2437 1255 2518 negaverint
1270 2436 1431 2500 Divinum

306 2543 343 2596 et
366 2553 448 2596 vera
464 2533 643 2606 ecclesiae,
664 2540 700 2595 et
724 2552 761 2594 se
783 2529 1064 2595 confirmaverint
1083 2541 1205 2594 contra
1223 2531 1293 2606 illa,
1314 2533 1347 2594 vi
1371 2531 1432 2594 Di·

306 2628 387 2690 vina
406 2627 562 2690 conversi
578 2635 658 2690 sunt
676 2627 720 2690 ad
739 2624 818 2688 illos
833 2627 890 2710 qui
909 2627 942 2689 in
962 2625 1037 2690 luce
1056 2626 1128 2688 veri
1144 2635 1244 2690 erant
1260 2647 1267 2704 ;
1292 2635 1327 2690 et
1347 2636 1431 2692 tunc

306 2723 642 2807 comprehenderunt
661 2723 776 2786 omnia
798 2723 887 2785 sicut
910 2721 1037 2804 angeli,
1061 2731 1098 2786 et
1128 2721 1207 2786 lassi
1236 2731 1317 2786 sunt
1339 2722 1432 2806 quod

306 2840 387 2884 vera
403 2821 483 2894 sint,
498 2829 533 2882 et
551 2839 685 2901 quoque
702 2818 793 2900 quod
810 2819 926 2880 omnia
938 2816 1244 2900 comprehendant.
1289 2815 1358 2882 Sed
1374 2827 1430 2882 ut·

306 2915 451 2996 primum
475 2914 601 2996 relapsi
624 2921 705 2976 sunt
735 2913 769 2974 in
800 2932 849 2987 se,
874 2921 909 2976 et
940 2913 1098 2975 conversi
1120 2912 1165 2974 ad
1195 2931 1348 2976 amorem
1372 2913 1430 2995 qui

305 3009 498 3072 voluntatis
515 3026 643 3082 eorum,
661 3005 746 3070 nihil
764 3006 1114 3088 comprehenderunt,
1131 3015 1170 3070 et
1186 3007 1359 3070 contraria
1378 3007 1429 3070 lo·

306 3105 377 3167 cuti
389 3113 480 3166 sunt.
521 3102 649 3166 Audivi
664 3103 768 3166 etiam
781 3101 949 3184 quosdam
963 3100 1146 3164 infernales
1157 3101 1324 3178 dicentes,
1339 3102 1430 3184 quod

306 3199 418 3262 sciant
438 3207 473 3262 et
491 3197 683 3279 percipiant
700 3196 792 3279 quod
810 3197 938 3259 malum
954 3197 999 3258 sit
1019 3197 1110 3278 quod
1127 3196 1266 3272 faciunt,
1284 3205 1319 3260 et
1338 3197 1431 3278 quod

305 3293 428 3358 falsum
451 3295 496 3356 sit
519 3293 611 3375 quod
631 3293 802 3376 cogitant,
823 3291 884 3354 sed
908 3292 999 3376 quod
1023 3311 1092 3354 non
1116 3293 1277 3356 resistere
1296 3293 1431 3374 possint

306 3391 357 3453 sui
375 3389 502 3452 amoris
518 3387 678 3469 jucundo,
699 3389 748 3451 ita
766 3387 950 3461 voluntati,
965 3395 999 3448 et
1017 3387 1110 3469 quod
1127 3386 1213 3450 haec
1229 3387 1317 3450 ierat
1334 3389 1429 3470 cogi·

306 3495 383 3549 tata
406 3505 477 3560 sua,
498 3495 536 3546 ut
561 3483 688 3546 malum
707 3483 849 3546 videant
868 3483 956 3546 sicut
976 3483 1114 3556 bonum,
1135 3501 1175 3544 ac
1198 3481 1320 3545 salsum
1343 3484 1431 3547 sicut

306 3599 434 3643 verum.
480 3577 565 3641 Inde
589 3577 711 3659 patuit,
732 3577 823 3660 quod
847 3577 896 3640 illi
916 3578 972 3660 qui
995 3577 1028 3638 in
1047 3575 1142 3638 salsis
1165 3586 1246 3640 sunt
1269 3598 1314 3640 ex
1338 3577 1430 3642 malo

306 3675 483 3756 potuerint
495 3671 702 3754 intelligere,
716 3673 859 3755 proinde
871 3669 1059 3735 rationales
1074 3691 1161 3746 esse,
1175 3671 1236 3736 sed
1252 3672 1343 3754 quod
1361 3691 1430 3736 non

306 3768 502 3846 voluerint;
533 3777 569 3832 et
589 3767 680 3850 quod
700 3787 770 3832 non
788 3766 971 3842 voluerint,
991 3776 1085 3830 esset
1104 3786 1218 3842 causa,
1238 3766 1316 3850 quia
1334 3786 1429 3830 ama·

306 3873 428 3927 verunt
446 3862 533 3926 salsa
557 3882 637 3944 prae
656 3863 756 3938 veris,
777 3862 938 3945 quoniam
956 3861 1217 3926 concordabant
1236 3880 1314 3925 cum
1330 3862 1430 3925 malis

305 3961 340 4023 in
352 3959 474 4042 quibus
486 3967 595 4022 erant.
633 3957 763 4021 Amare
777 3967 813 4022 et
825 3956 915 4021 velle
928 3956 1019 4020 idem
1033 3966 1087 4021 est
1100 3977 1108 4036 ;
1128 3977 1208 4020 nam
1220 3956 1312 4040 quod
1325 3955 1430 4021 homo

305 4052 391 4130 vult,
411 4053 477 4117 hoc
505 4062 611 4128 amat,
630 4063 666 4117 et
690 4053 782 4136 quod
805 4060 901 4116 amat
928 4049 994 4115 hoc
1018 4052 1104 4116 vult.
1149 4049 1322 4133 Quoniam
1349 4052 1430 4116 talis

305 4157 419 4212 status
432 4159 485 4213 est
498 4147 685 4222 hominum,
697 4158 733 4212 ut
747 4147 881 4230 possint
894 4145 1089 4229 intelligere
1101 4166 1182 4210 vera
1195 4147 1299 4224 modo
1310 4146 1428 4220 velint,

305 4263 508 4309 concessum
532 4253 585 4308 est
610 4241 691 4308 mihi
714 4243 904 4326 spiritualia
926 4263 1018 4316 vera,
1047 4263 1135 4326 quae
1158 4252 1239 4306 sunt
1262 4241 1429 4306 ecelesiae

305 4349 342 4404 et
359 4339 457 4414 caeli,
478 4341 582 4402 etiam
603 4358 663 4420 per
681 4339 864 4402 rationalia
883 4335 1105 4418 confirmare3
1139 4339 1188 4402 ita
1210 4337 1256 4402 ob
1278 4357 1428 4411 causam,

306 4444 343 4500 ut
360 4434 458 4509 falsa,
479 4455 565 4517 quae
584 4433 674 4516 apud
694 4433 808 4516 plures
826 4432 1046 4497 occluserunt
1065 4433 1246 4508 rationale,
1267 4453 1327 4516 per
1345 4435 1428 4497 tati·

305 4529 421 4594 onalia
439 4529 678 4604 discutiantur,
695 4540 731 4592 et
750 4527 797 4594 sic
817 4527 905 4592 sorte
924 4527 1138 4610 aliquantum
1157 4529 1329 4612 aperiatur
1347 4547 1428 4592 ocu·

306 4626 359 4688 lus
374 4646 382 4704 ;
406 4643 485 4687 nam
499 4623 701 4688 confirmare
714 4643 795 4688 vera
807 4623 995 4718 spiritualia
1008 4644 1069 4706 per
1080 4623 1262 4688 rationalia
1272 4625 1429 4688 omnibus
