3382 5358
430 643 479 693 DE
500 641 679 707 LOQUELA
701 642 947 694 ANGELORUM
967 643 1046 694 CUM
1072 641 1235 693 HOMINE.
1337 646 1391 708 141

272 812 367 880 areta
390 811 595 897 conjundiio.
638 813 757 881 Aliter
779 814 909 890 luisset,
930 815 957 878 si
979 814 1085 878 homo
1108 834 1176 878 non
1200 835 1237 879 se
1256 835 1394 898 separa·

269 911 377 974 visset
391 933 399 988 ;
423 919 506 974 tunc
522 911 613 973 enim
630 911 801 992 potuisset
818 909 878 972 ille
893 910 966 992 regi
982 929 1041 992 per
1057 909 1222 973 influxum
1239 929 1394 974 commu·

269 1025 348 1070 nem
367 1002 415 1070 1¹¹a
438 1005 536 1069 caelo
559 1024 579 1068 a
603 1003 753 1070 Domino
776 1005 905 1088 absque
935 1005 1109 1086 spiritibus
1132 1014 1169 1069 et
1199 1005 1333 1086 angelis
1363 1007 1394 1069 ei

269 1099 448 1182 adjundiis.
501 1098 568 1164 Sed
601 1101 645 1164 de
668 1100 732 1164 hac
755 1121 792 1164 re
815 1101 848 1164 in
872 1101 986 1182 specie
1016 1103 1050 1164 in
1078 1101 1313 1183 sequentibus,
1338 1101 1393 1165 ubi

268 1195 312 1258 de
330 1192 572 1277 conjundtione
591 1195 677 1258 caeli
696 1215 773 1258 cum
790 1195 938 1260 homine.

332 1291 430 1374 248.
467 1289 623 1374 Loquela
638 1291 753 1372 angeli
773 1299 832 1354 aut
849 1291 988 1374 spiritus
1007 1309 1085 1354 curn
1101 1289 1241 1354 homine
1257 1291 1394 1354 auditur

257 1376 340 1448 ¹tam
358 1404 482 1448 sonore
499 1387 587 1448 sieut
604 1385 741 1468 loquela
756 1386 904 1448 hominis
923 1405 999 1449 curn
1017 1385 1167 1461 homine,
1187 1403 1305 1448 verum
1322 1405 1391 1448 non

268 1481 403 1542 auditur
425 1481 469 1543 ab
487 1479 562 1544 aliis
585 1481 641 1562 qui
664 1481 822 1556 adstant,
843 1481 904 1544 sed
928 1501 948 1544 a
971 1479 1047 1544 solo
1070 1482 1165 1562 ipso:
1199 1491 1390 1554 causaest,

162 1567 166 1574 ’
268 1576 346 1656 quia
370 1573 508 1657 loquela
531 1575 646 1656 angeli
670 1596 729 1640 seu
748 1577 887 1659 spiritus
911 1575 1019 1641 influit
1039 1577 1183 1659 primum
1203 1567 1237 1638 in
1257 1577 1392 1658 cogita-

269 1673 399 1734 tionem
419 1670 579 1745 hominis,
594 1678 629 1733 et
647 1691 707 1753 per
726 1671 816 1732 viam
832 1671 1003 1735 internam
1020 1673 1053 1734 in
1070 1690 1238 1753 organum
1255 1673 1391 1735 auditus

269 1763 351 1847 ejus,
372 1775 408 1829 et
431 1767 478 1829 sic
504 1775 621 1829 movet
645 1764 727 1828 illud
751 1765 796 1828 ab
819 1766 1001 1844 interiore;
1032 1776 1069 1830 at
1089 1765 1225 1849 loquela
1244 1766 1392 1830 hominis

267 1879 343 1924 cum
361 1861 499 1924 homine
523 1859 631 1924 influit
656 1862 800 1942 primum
823 1862 858 1924 in
882 1879 1008 1936 aerem,
1029 1871 1064 1924 et
1085 1880 1145 1942 per
1164 1863 1254 1924 viam
1272 1871 1389 1925 exter·

267 1975 345 2019 nam
365 1956 398 2018 in
415 1974 580 2037 organum
598 1957 735 2019 auditus
751 1955 832 2037 ejus,
847 1966 882 2020 et
899 1966 1016 2020 movet
1034 1955 1116 2019 illud
1137 1957 1180 2020 ab
1197 1958 1388 2020 exteriore:

266 2051 346 2114 inde
380 2059 489 2132 patet,
510 2050 601 2132 quod
625 2049 761 2133 loquela
784 2050 900 2133 angeli
924 2071 963 2114 ac
988 2051 1125 2133 spiritus
1149 2069 1227 2114 curn
1250 2051 1389 2114 homine

267 2145 425 2210 audiatur
443 2146 476 2208 in
493 2145 652 2223 homine;
676 2155 712 2208 et
732 2147 811 2228 quia
830 2155 946 2210 movet
967 2167 1074 2229 aeque
1094 2166 1224 2228 organa
1242 2146 1388 2222 auditus,

266 2242 483 2326 quodetiam
503 2261 610 2323 aeque
631 2262 765 2304 sonore.
813 2239 915 2323 Quod
939 2241 1076 2324 loquela
1099 2241 1213 2322 angeli
1237 2250 1272 2305 et
1292 2243 1388 2323 spiri·

265 2343 322 2400 tus
339 2335 467 2400 defluat
484 2357 589 2418 usque
606 2337 639 2399 in
656 2357 771 2400 aurem
791 2337 834 2399 ab
853 2337 1024 2410 interiore,
1043 2338 1155 2420 patuit
1175 2337 1256 2400 mihi
1273 2355 1387 2411 exeo,

265 2433 483 2516 quodetiam
506 2431 625 2495 influat
645 2433 677 2494 in
698 2432 861 2514 linguam,
881 2443 917 2495 et
936 2431 1029 2494 illam
1051 2431 1171 2496 leviter
1187 2433 1310 2506 vibret,
1327 2433 1388 2496 sed

265 2547 336 2590 non
356 2546 433 2590 cum
456 2525 569 2610 aliqua
592 2529 757 2601 motione,
778 2529 867 2590 sicut
891 2547 967 2590 cum
987 2547 1047 2608 per
1069 2526 1163 2590 illam
1182 2528 1389 2592 'articulatur

265 2642 370 2685 sonus
389 2621 548 2704 loquelae
566 2623 600 2684 in
620 2641 722 2686 voces
742 2623 786 2684 ab
805 2623 880 2703 ipso
899 2622 1048 2685 homine.

327 2729 427 2800 249·
458 2715 526 2780 Sed
546 2716 638 2799 loqui
657 2735 735 2779 cum
754 2717 928 2799 spiritibus
951 2716 1055 2780 hodie
1073 2737 1150 2780 raro
1172 2717 1285 2792 datur,
1303 2738 1387 2800 quo·

264 2813 356 2874 niam
375 2811 603 2893 periculosum
622 2821 676 2875 est
690 2808 744 2890 ;('⁷l
778 2821 860 2876 tunc
884 2813 974 2875 enim
999 2813 1111 2876 sciunt
1135 2813 1273 2895 spiritus
1296 2814 1387 2894 quod

263 2907 354 2989 apud
373 2907 547 2970 hominem
564 2908 643 2981 sint,
661 2907 752 2989 quod
772 2905 897 2990 alioqui
918 2927 985 2971 non
1003 2909 1136 2986 sciunt;
1161 2927 1201 2970 ac
1218 2907 1298 2970 mali
1318 2909 1387 2990 spi-

263 3004 347 3066 ritus
371 3001 461 3066 tales
480 3013 560 3065 sunt
580 3012 617 3066 ut
636 3004 717 3066 odio
733 3004 947 3070 internecino
970 3003 1123 3066 habeant
1142 3001 1328 3080 hominem,
1350 3013 1386 3068 et

264 3097 347 3159 nihil
371 3097 446 3180 plus
470 3099 609 3180 cupiant
630 3118 732 3181 quam
757 3099 899 3180 perdere
922 3097 1017 3161 illum
1042 3097 1154 3182 quoad
1177 3099 1327 3161 animam
1350 3109 1386 3163 et

263 3193 377 3273 quoad
401 3213 535 3275 corpus,
560 3194 778 3275 quodetiam
804 3192 841 3256 fit
869 3194 958 3276 apud
983 3192 1061 3257 illos
1084 3194 1141 3276 qui
1164 3193 1309 3257 multum
1334 3195 1386 3257 in·

263 3286 442 3350 dulserunt
468 3287 668 3370 phantasiis,
693 3309 799 3372 usque
825 3298 863 3352 ut
890 3289 1100 3352 removerint
1129 3309 1149 3350 a
1172 3308 1209 3351 se
1236 3287 1387 3369 jucunda

263 3383 406 3446 naturali
423 3383 553 3446 homini
566 3385 819 3447 convenientia.
866 3381 983 3467 Aliqui
995 3385 1109 3456 etiam,
1123 3384 1179 3466 qui
1195 3384 1384 3448 solitariam

262 3479 369 3541 vitam
389 3487 509 3560 agunt,
523 3479 727 3562 quandoque
744 3479 887 3542 audiunt
903 3479 1043 3560 spiritus
1059 3497 1175 3542 secum
1189 3479 1383 3561 loquentes,

262 3582 297 3635 et
315 3572 445 3654 absque
469 3571 642 3655 periculo;
676 3575 737 3636 sed
757 3575 896 3655 spiritus
919 3573 1009 3654 apud
1029 3573 1107 3637 illos
1124 3593 1185 3656 per
1202 3573 1386 3638 intervalla

262 3676 484 3731 removentur
499 3689 520 3730 a
536 3668 697 3743 Domino,
712 3689 755 3732 ne
771 3670 883 3733 sciant
899 3669 990 3752 quod
1003 3669 1093 3750 apud
1110 3668 1283 3732 hominem
1296 3669 1383 3748 sint;

262 3780 341 3824 nam
357 3761 510 3844 plerique
526 3764 664 3846 spiritus
678 3783 747 3825 non
764 3773 901 3839 norunt,
915 3763 1005 3847 quod
1021 3763 1108 3827 alius
1125 3763 1269 3826 mundus
1281 3764 1383 3828 detur

663 4001 985 4056 (amenum)

315 4121 490 4264 qud
506 4123 600 4178 horno
611 4123 730 4248 loquip
731 4125 806 4180 ossit
820 4141 889 4180 cum
900 4125 1057 4209 spiritibus
1070 4135 1101 4181 et
1114 4141 1152 4180 an
1176 4126 1239 4189 elis
1255 4135 1286 4181 et
1301 4105 1383 4198 quod

260 4193 427 4318 antiquir
465 4205 572 4249 uenter
590 4211 659 4250 curn
687 4139 730 4250 illl
721 4212 745 4250 rs
769 4197 862 4252 locuti
882 4196 943 4252 sint
966 4197 1007 4266 (n.
1022 4196 1151 4266 67-697
1213 4196 1382 4266 1634163n

260 4263 424 4407 7802Ωιίοιι·
416 4351 445 4388 ιιι
457 4335 607 4406 aliquibus
616 4335 773 4392 telluribus
782 4347 947 4408 appareant
956 4337 1054 4409 angeli
1064 4347 1097 4393 et
1106 4337 1231 4408 spiritus
1242 4335 1271 4392 in
1286 4336 1383 4394 forma

260 4403 399 4468 humana,
413 4415 445 4460 et
457 4405 620 4489 loquantur
632 4423 701 4462 curn
715 4408 774 4462 illis
787 4411 828 4477 (n.
846 4421 938 4478 ¹0751
956 4409 1062 4492 10752),

313 4476 373 4532 Sed
365 4477 489 4560 'quod'
482 4494 512 4531 ιιι
526 4477 583 4534 hac
595 4478 703 4534 tellure
716 4478 807 4534 hodie
821 4479 1021 4550 periculosum
1034 4479 1075 4534 sit
1087 4478 1170 4549 loqui
1185 4495 1254 4534 cum
1271 4478 1381 4550 spiriti·

259 4546 322 4608 bus
342 4547 398 4604 nisi
419 4547 538 4604 homo'
530 4565 560 4604 ιιι
579 4563 651 4604 vera
665 4548 725 4605 fide
742 4549 790 4610 sit
804 4559 835 4605 et
850 4549 978 4606 dueatur
991 4565 1010 4605 a
1025 4547 1158 4606 Domino
1172 4550 1212 4620 (n.
1228 4549 1289 4617 784,
1302 4549 1380 4620 9438,

261 4619 368 4684 ισιςι)
