3408 5358
268 609 335 678 240
598 611 649 664 DE
671 612 797 667 CAELO
815 615 863 666 ET
887 615 1070 669 turanno-

268 789 393 846 contra
425 798 580 848 amorem
614 781 855 868 conjugialem,
890 788 1064 871 percipere
1098 787 1219 853 datum
1256 797 1311 856 est
1345 811 1391 857 ex

268 875 415 959 sphaera
436 877 518 942 inde
540 878 719 956 exhalata,
736 901 823 964 quae
842 893 917 946 erat
935 883 1023 948 sicut
1041 895 1228 966 perpetuus
1247 896 1392 951 conatus

267 971 480 1038 dissolvandi
513 983 550 1038 et
582 975 735 1040 violandi
764 977 941 1060 conjugia:
975 997 1020 1042 ex
1049 997 1116 1061 qua
1145 980 1269 1062 patuit,
1300 984 1391 1065 quod

264 1063 451 1144 jucundum
474 1087 625 1150 regnans
654 1071 689 1134 in
718 1070 851 1137 inferno
880 1074 925 1136 sit
951 1072 1139 1155 jucundum
1159 1075 1331 1151 adulterii,
1356 1087 1391 1140 et

266 1163 359 1244 quod
374 1161 561 1244 jucundum
580 1163 739 1230 adulterii
762 1167 808 1230 sit
831 1187 966 1250 quoque
985 1168 1172 1250 jucundum
1192 1169 1391 1236 destruendi

266 1255 545 1338 conjunttionem
564 1259 646 1323 boni
666 1269 702 1325 et
722 1263 804 1338 veri,
824 1283 912 1346 quae
931 1263 1127 1345 conjundlio
1145 1264 1228 1328 lacit
1247 1265 1391 1329 caelum.
1467 1259 1470 1266 ’

267 1351 353 1416 Inde
376 1355 537 1436 sequitur,
556 1355 649 1438 quod
668 1354 855 1437 jucundum
878 1357 1040 1422 adulterii
1063 1360 1108 1423 sit
1128 1358 1316 1440 jucundum
1340 1361 1391 1423 in-

265 1445 394 1512 fernale
428 1469 566 1531 prorsus
599 1452 797 1533 oppositum
827 1453 980 1535 jucundo
1012 1454 1173 1536 conjugii,
1208 1455 1300 1538 quod
1337 1465 1391 1519 est

136 1593 144 1616 ,
263 1539 451 1622 jucundum
471 1545 636 1608 caeleste.

328 1639 429 1723 383·
460 1639 570 1704 Erant
594 1641 732 1724 quidam
756 1641 904 1724 spiritus,
930 1645 1053 1726 quiex
1078 1663 1139 1708 usu
1162 1645 1194 1707 in
1219 1644 1291 1708 vita
1314 1663 1390 1710 cor·

265 1735 368 1814 poris,
380 1753 434 1820 me
447 1733 587 1800 solertia
600 1736 763 1819 peculiari
779 1737 1000 1812 infestabant,
1015 1750 1050 1802 et
1066 1737 1132 1802 hoc
1150 1761 1210 1822 per
1226 1739 1389 1803 influxum

266 1828 517 1895 molliusculum
536 1833 631 1914 quasi
650 1833 850 1907 undantem,
871 1834 982 1915 qualis
1001 1833 1091 1897 solet
1110 1855 1187 1900 esse
1206 1836 1389 1918 proborum

265 1925 465 2007 spirituum;
489 1927 551 1992 sed
571 1939 773 2010 perceptum
793 1929 884 2010 quod
905 1929 938 1991 in
957 1929 1024 1993 illis
1043 1941 1162 1994 essent
1181 1932 1333 1994 astutiae
1353 1941 1388 1996 et

265 2020 399 2096 similia,
424 2032 461 2085 ut
484 2031 668 2104 captarent
691 2031 727 2086 et
754 2021 925 2087 fallerent.
972 2023 1128 2087 Tandem
1153 2023 1291 2088 locutus
1314 2045 1388 2088 sum

264 2135 342 2180 cum
361 2137 429 2180 uno
448 2137 494 2180 ex
513 2117 591 2192 illis,
608 2117 665 2200 qui
683 2118 774 2200 quod
793 2117 893 2181 suerit
913 2117 984 2181 dux
1002 2121 1188 2194 exercitus,
1207 2139 1283 2183 cum
1300 2122 1387 2183 vixit

265 2211 298 2273 in
318 2212 457 2287 mundo,
478 2211 559 2276 mihi
579 2211 708 2276 dierum
728 2221 799 2290 est;
823 2222 859 2276 et
878 2214 958 2296 quia
977 2215 1114 2295 percepi
1133 2215 1225 2296 quod
1249 2216 1282 2278 in
1302 2215 1388 2278 ideis

264 2307 489 2386 cogitationis
509 2305 580 2388 ejus
598 2317 692 2371 esset
712 2306 889 2382 lascivum,
911 2307 1045 2371 locutus
1064 2327 1137 2370 sum
1162 2327 1238 2372 cum
1262 2307 1321 2372 illo
1344 2310 1388 2372 de

263 2399 423 2482 conjugio
439 2399 576 2483 loquela
588 2401 755 2484 spirituali
772 2419 849 2464 cum
861 2403 1174 2484 repraesentativis,
1186 2423 1273 2486 quae
1286 2403 1387 2485 plene

263 2495 428 2578 exprimit
452 2515 565 2571 sensa,
589 2507 627 2560 et
657 2506 838 2560 momento
860 2496 966 2578 plura.
1013 2496 1112 2561 Dixit
1136 2497 1227 2580 quod
1259 2499 1292 2561 in
1316 2500 1388 2561 vita

264 2593 416 2674 corporis
438 2591 610 2656 adulteria
639 2611 700 2674 pro
730 2591 838 2654 nihilo
860 2593 1081 2673 reputaverit.
1126 2589 1194 2655 Sed
1218 2593 1249 2655 ei
1272 2593 1386 2656 dicere

263 2689 384 2753 datum
403 2696 468 2763 est,
489 2688 580 2771 quod
600 2687 769 2751 adulteria
788 2688 857 2750 sint
877 2687 1034 2763 nefanda,
1055 2689 1197 2779 tametsi
1217 2699 1385 2771 apparent

263 2802 380 2848 coram
403 2781 469 2846 illis
492 2784 549 2866 qui
572 2783 673 2857 tales,
698 2803 743 2846 ex
770 2781 922 2864 jucundo
944 2783 1035 2866 quod
1059 2793 1256 2864 captarunt,
1281 2793 1317 2847 et
1340 2805 1385 2847 ex

262 2879 484 2963 persuasione
503 2878 593 2953 inde,
610 2878 702 2960 quod
721 2897 791 2940 non
810 2877 906 2954 talia,
924 2877 1029 2941 immo
1044 2879 1136 2960 quod
1156 2878 1269 2956 licita;
1294 2881 1385 2962 quod

262 2976 368 3040 etiam
398 2975 485 3038 scire
509 2982 628 3056 posset
658 2993 704 3037 ex
734 2993 787 3048 eo,
812 2973 904 3056 quod
928 2973 1088 3055 conjugia
1110 2974 1180 3037 sint
1204 2975 1385 3038 seminaria

262 3071 398 3152 generis
421 3069 571 3143 humani,
595 3077 631 3132 et
659 3067 738 3131 inde
762 3069 868 3132 etiam
888 3069 1070 3132 seminaria
1092 3069 1188 3151 regni
1212 3068 1383 3145 caelestis,

261 3175 298 3230 et
322 3166 451 3230 idcirco
474 3164 566 3246 quod
590 3183 757 3246 nusquam
780 3163 952 3240 violanda,
977 3163 1038 3227 sed
1062 3161 1181 3226 saneta
1204 3163 1384 3242 habenda;

260 3269 334 3324 tum
353 3279 400 3323 ex
419 3277 471 3334 eo,
492 3257 584 3340 quod
604 3257 690 3320 scire
708 3256 814 3321 debet
832 3258 910 3340 quia
928 3259 961 3321 in
981 3256 1091 3320 altera
1110 3258 1183 3320 vita
1201 3267 1266 3333 est,
1287 3275 1326 3322 ac
1350 3259 1384 3321 in

260 3363 355 3419 statu
379 3353 624 3436 perceptionis,
647 3352 739 3434 quod
762 3369 859 3416 amor
881 3351 1084 3438 conjugialis
1107 3371 1127 3414 a
1151 3351 1302 3416 Domino
1325 3373 1385 3435 per

261 3449 395 3514 caelum
418 3448 620 3521 descendat,
644 3456 681 3511 et
704 3446 796 3530 quod
819 3448 863 3511 ab
886 3447 946 3510 illo
969 3466 1096 3522 amore,
1121 3456 1158 3510 ut
1186 3467 1206 3509 a
1229 3457 1382 3530 parente,

260 3545 433 3610 derivetur
452 3563 548 3608 amor
567 3551 715 3618 mutuus,
733 3543 789 3624 qui
808 3550 862 3606 est
880 3539 1133 3606 firmamentum
1152 3542 1260 3620 caeli;
1284 3551 1383 3606 etex

260 3661 313 3718 eo,
334 3639 426 3724 quod
449 3639 607 3713 adulteri,
628 3638 709 3701 dum
733 3637 838 3700 modo
860 3637 1105 3720 approximant
1128 3637 1172 3699 ad
1196 3638 1384 3702 societates

259 3735 441 3811 caelestes,
458 3733 611 3798 sentiant
630 3731 903 3815 graveolentiam
922 3733 1029 3807 suam,
1047 3739 1083 3795 et
1102 3751 1139 3794 se
1157 3731 1238 3795 inde
1254 3733 1383 3814 praeci·

314 3961 404 4036 Quod
420 3963 472 4034 qui
488 3963 518 4018 in
534 3963 690 4018 adulteriis
704 3961 871 4033 jucundum
888 3969 1094 4032 perceperunt,
1108 3959 1138 4014 in
1150 3959 1267 4015 caelum
1281 3957 1382 4016 venire

261 4033 1027 4116 nequeantrn.539,2733.274732749,2751‚10175).
1151 4099 1189 4116 ,,

314 4104 404 4178 Quod
423 4103 552 4160 adulteri
570 4103 632 4159 sint
651 4103 910 4165 immisericordes,
923 4113 954 4158 et
973 4103 1086 4174 absque
1105 4101 1247 4173 relrgroao
1263 4101 1304 4171 (n.
1322 4099 1382 4168 824,

261 4189 339 4246 ²⁷47,
353 4175 623 4302 2gdgaldulterorum
638 4243 722 4300 ideae
735 4243 796 4301 sint
809 4259 934 4315 spurcae
948 4245 989 4313 (n.
1003 4254 1081 4310 2747,
1095 4241 1187 4312 2748).
1235 4304 1239 4317 Ι

364 4317 405 4374 od
424 4318 455 4372 in
474 4318 568 4374 altera
580 4317 644 4372 vita
658 4326 760 4372 ament
775 4317 887 4379 sordes,
901 4325 932 4371 et
948 4316 978 4370 in
993 4315 1105 4370 talibus
1124 4312 1249 4370 iniemla
1266 4311 1329 4370 sint
1341 4313 1383 4382 (n.

260 4390 537 4460 2755ι5394ι5722)·
627 4459 634 4472 ‚
691 4458 698 4472 ,
859 4457 866 4470 ,
912 4457 918 4472 ,
1208 4454 1215 4470 ,
1364 4452 1372 4468 ‚

313 4459 403 4532 Quod
417 4475 470 4531 per
482 4467 498 4490 ⁴·
506 4459 654 4515 adulteria
661 4457 676 4479 ''
690 4474 720 4512 m
731 4457 833 4513 Verbo
842 4455 1049 4528 significentur
1057 4455 1293 4511 adulterationes
1302 4454 1381 4515 bom,

259 4529 631 4672 wrmfelwiom„
650 4530 856 4602 perversiones
875 4527 937 4583 veri
958 4527 999 4598 (n.
1016 4527 1093 4595 2466,
1110 4539 1188 4598 ²7²9·
1205 4541 1283 4598 3399,
1302 4525 1381 4595 4865,

356 4617 367 4656 1
458 4643 465 4662 .
