3408 5358
283 617 345 697 264
599 627 649 681 DE
672 625 800 680 CAELO
822 627 872 678 ET
895 626 1077 680 INFERNO.

280 803 360 888 quid
379 802 484 867 homo
503 801 578 867 vult
596 811 632 866 et
651 802 730 866 inde
749 801 892 884 cogitat,
912 800 978 865 hoc
998 800 1082 865 dicit
1099 799 1238 865 bonum.
1285 799 1403 864 Homo

280 908 398 982 potest
421 898 575 980 cogitare
605 917 650 961 ex
676 893 866 972 intelleftu,
887 905 922 961 et
952 897 1032 960 inde
1061 897 1280 978 appercipere
1310 896 1402 977 quod

280 1015 398 1060 verum
425 995 483 1070 sit,
512 1003 548 1058 et
577 1013 711 1078 quoque
739 993 831 1076 quod
861 993 1009 1074 bonum;
1043 991 1103 1055 sed
1132 1012 1237 1074 usque
1267 990 1301 1054 id
1332 1011 1401 1056 non

280 1091 414 1173 cogitat
438 1109 483 1152 ex
507 1087 694 1164 voluntate,
717 1089 782 1151 nisi
800 1087 886 1151 velit
905 1086 990 1151 illud
1012 1097 1049 1151 et
1071 1087 1175 1150 saciat
1194 1086 1299 1149 illud:
1324 1101 1401 1149 cum

280 1186 353 1249 vult
371 1184 454 1248 illud
478 1193 514 1248 et
537 1203 582 1247 ex
605 1183 696 1247 velle
714 1183 795 1247 facit
813 1181 909 1258 illud,
926 1191 1007 1245 tunc
1027 1191 1081 1245 est
1100 1183 1133 1244 id
1154 1191 1227 1245 tam
1248 1181 1282 1244 in
1298 1180 1401 1244 intel·

279 1278 370 1345 leitu
389 1299 490 1362 quam
510 1280 544 1342 in
567 1279 760 1354 voluntate,
781 1277 925 1360 proinde
947 1278 981 1340 in
1004 1275 1166 1354 homine;
1198 1295 1278 1338 nam
1297 1275 1401 1339 intel·

280 1373 388 1440 letius
411 1374 505 1437 solus
538 1393 607 1438 non
635 1373 718 1437 facit
740 1372 926 1450 hominem,
950 1392 1013 1436 nec
1046 1370 1208 1438 voluntas
1231 1371 1315 1446 sola,
1340 1371 1401 1434 sed

280 1467 475 1534 intelleftus
502 1478 538 1532 et
567 1469 729 1532 voluntas
759 1468 881 1547 simul;
915 1476 1126 1552 quapropter
1152 1466 1244 1549 quod
1280 1475 1334 1530 est
1367 1466 1401 1528 in

280 1575 435 1648 utroque,
459 1564 525 1628 hoc
555 1564 589 1626 in
617 1563 757 1627 homine
780 1573 845 1640 est,
870 1583 910 1626 ac
934 1562 965 1626 ei
992 1563 1273 1644 appropriatum:
1309 1561 1400 1642 quod

280 1659 389 1723 solum
413 1670 467 1723 est
496 1659 530 1721 in
560 1657 749 1735 intellettu,
773 1659 839 1724 hoc
863 1658 1000 1742 quidem
1024 1667 1078 1721 est
1100 1657 1191 1738 apud
1214 1655 1400 1730 hominem,

280 1753 428 1817 sednon
450 1755 484 1816 in
507 1752 591 1831 illo;
622 1763 676 1816 est
695 1753 800 1818 modo
818 1774 872 1817 res
891 1753 1076 1816 memoriae
1094 1751 1175 1834 ejus,
1195 1771 1236 1814 ac
1259 1770 1312 1814 res
1336 1751 1401 1814 sci·

280 1850 396 1913 entiae
414 1849 448 1912 in
468 1849 643 1924 memoria,
664 1849 706 1912 de
726 1869 793 1931 qua
811 1857 926 1930 potest
945 1849 1098 1930 cogitare
1118 1867 1195 1910 cum
1216 1867 1283 1910 non
1307 1846 1340 1910 in
1365 1865 1402 1909 se

279 1953 344 2020 est,
365 1943 425 2007 sed
444 1953 546 2007 extra
568 1963 606 2007 se
629 1963 706 2007 cum
726 1942 823 2022 aliis;
855 1945 906 2008 ita
933 1945 976 2006 de
1005 1964 1071 2025 qua
1099 1952 1215 2025 potest
1243 1942 1336 2024 loqui
1365 1952 1402 2005 et

280 2039 483 2116 ratiocinari,
501 2049 537 2102 et
555 2059 689 2122 quoque
706 2039 894 2103 secundum
911 2057 1012 2121 quam
1027 2038 1186 2102 simulare
1202 2035 1401 2102 affeetiones

279 2142 315 2198 et
336 2143 467 2216 gestus

341 2243 439 2311 424·
470 2226 571 2309 Quod
587 2229 694 2292 homo
705 2228 814 2310 possit
830 2229 984 2309 cogitare
1002 2249 1049 2291 ex
1067 2223 1258 2301 intelletiu,
1275 2235 1312 2290 et
1331 2245 1400 2288 non
1458 2263 1460 2266 -

279 2322 378 2386 simul
394 2341 440 2384 ex
458 2322 651 2398 voluntate,
669 2333 723 2387 est
739 2323 915 2404 provisum
930 2323 976 2386 ob
991 2320 1093 2386 finem
1109 2331 1148 2386 ut
1166 2322 1277 2404 possit
1295 2321 1400 2384 resor-

279 2417 382 2495 mari;
406 2435 486 2480 nam
505 2417 611 2481 homo
630 2437 691 2500 per
709 2437 791 2480 vera
808 2418 1022 2492 reformatur,
1044 2425 1080 2480 et
1099 2437 1190 2492 vera,
1216 2426 1253 2480 ut
1271 2413 1400 2479 dietum

278 2523 341 2587 est,
362 2502 441 2576 sunt
461 2510 672 2576 intelletius:
697 2512 802 2575 homo
818 2513 909 2576 enim
927 2513 1079 2575 nascitur
1097 2513 1131 2574 in
1151 2529 1253 2575 omne
1273 2511 1400 2574 malum

202 2637 204 2644 v
278 2607 390 2690 quoad
410 2606 647 2683 voluntatem;
674 2607 753 2670 inde
772 2627 841 2671 non
860 2607 959 2672 alicui
978 2607 1105 2671 bonum
1124 2607 1199 2669 vult
1218 2627 1264 2669 ex
1283 2626 1320 2669 se
1339 2605 1400 2668 sed

279 2703 340 2766 sibi
355 2702 419 2766 soli
433 2723 440 2780 ;
464 2713 499 2766 et
515 2703 571 2785 qui
587 2702 649 2765 sibi
665 2702 731 2766 soli
746 2702 875 2766 bonum
890 2702 976 2778 vult,
990 2700 1184 2766 delettatur
1200 2700 1298 2764 malis
1314 2720 1400 2783 quae

279 2797 362 2862 fiunt
381 2797 468 2872 aliis,
489 2799 654 2878 imprimis
672 2807 814 2879 propter
831 2817 891 2876 se;
922 2797 996 2861 vult
1019 2799 1110 2861 enim
1129 2797 1283 2860 derivare
1306 2797 1339 2860 in
1363 2817 1400 2859 se

278 2892 431 2954 omnium
459 2891 602 2954 aliorum
631 2891 733 2967 bona,
761 2893 832 2955 sive
861 2892 931 2954 sint
960 2892 1109 2956 honores
1139 2893 1211 2954 sive
1241 2911 1336 2973 opes,
1363 2900 1400 2952 et

278 2996 444 3068 quantum
463 2985 528 3048 hoc
548 2995 678 3067 potest,
698 2987 732 3048 in
755 3005 792 3050 se
812 2985 970 3050 laetatur.
1016 2986 1066 3051 Ut
1085 2986 1151 3050 hoc
1169 2985 1399 3050 voluntarium

278 3082 481 3146 emendetur
499 3091 535 3145 et
554 3081 768 3158 reformetur,
788 3081 908 3145 datum
927 3091 980 3146 est
998 3081 1129 3146 homini
1153 3092 1191 3146 ut
1214 3083 1324 3164 possit
1347 3082 1398 3144 in-

200 3187 208 3206 ·
278 3177 435 3257 telligere
451 3196 543 3251 vera,
564 3186 600 3240 et
620 3196 680 3258 per
697 3175 758 3238 illa
776 3174 973 3240 affeotiones
992 3176 1083 3253 mali,
1103 3197 1189 3259 quae
1208 3177 1399 3240 scaturiunt

278 3267 322 3333 'ex
341 3270 534 3346 voluntate,
554 3271 713 3335 domare:
745 3272 824 3334 inde
847 3280 912 3347 est,
933 3271 1024 3353 quod
1047 3271 1152 3336 homo
1171 3273 1280 3355 possit
1302 3271 1399 3352 cogi·

278 3375 350 3429 tare
368 3385 414 3430 ex
430 3363 609 3430 intelle&u
623 3387 715 3441 vera,
729 3377 765 3430 et
784 3387 918 3448 quoque
934 3366 1026 3449 loqui
1044 3366 1115 3442 illa,
1132 3376 1168 3430 et
1186 3366 1298 3430 iacere
1316 3365 1376 3430 illa
1390 3387 1398 3444 ;

277 3461 337 3522 sed
353 3481 459 3543 usque
475 3481 544 3526 non
561 3471 677 3544 potest
690 3461 845 3543 cogitare
861 3460 920 3523 illa
935 3481 980 3524 ex
998 3461 1189 3536 voluntate,
1204 3462 1398 3543 priusquam

277 3555 357 3619 talis
376 3565 441 3631 est,
462 3565 499 3620 ut
523 3576 569 3620 ex
592 3575 640 3631 se,
660 3557 726 3620 hoc
745 3567 811 3632 est,
831 3575 876 3619 ex
895 3556 1010 3632 cord'e,
1035 3556 1119 3620 velit
1142 3556 1201 3620 illa
1230 3567 1266 3620 et
1295 3556 1400 3621 faciat

277 3649 355 3713 illa:
388 3652 525 3733 quando
548 3651 653 3715 homo
671 3651 753 3714 talis
771 3661 837 3727 est,
858 3661 940 3714 tunc
964 3671 1051 3734 quae
1069 3653 1204 3733 cogitat
1226 3673 1273 3715 ex
1296 3652 1398 3716 intel-

277 3742 367 3808 lettu
391 3755 472 3809 sunt
495 3744 574 3808 fidei
603 3745 685 3826 ejus,
706 3756 743 3810 et
772 3765 860 3828 quae
878 3747 1013 3826 cogitat
1043 3766 1088 3808 ex
1113 3746 1294 3811 voluntate
1318 3757 1398 3810 sunt

277 3841 401 3902 amoris
421 3839 513 3921 ejus;
545 3851 753 3923 quapropter
776 3840 867 3922 apud
888 3839 985 3903 illum
1008 3849 1090 3904 tunc
1119 3863 1156 3905 se
1184 3841 1398 3924 conjungunt

277 3931 360 3997 fides
378 3943 415 3998 et
434 3954 540 4010 amor,
563 3937 650 3998 sicut
671 3933 868 4000 intelleohts
890 3945 926 3999 et
945 3934 1116 3999 voluntas.

337 4041 436 4110 4²3.
466 4027 643 4110 Quantum
659 4031 774 4113 itaque
790 4050 872 4094 vera
889 4051 977 4113 quae
993 4028 1190 4095 inteilefitus
1205 4040 1297 4106 sunt,
1315 4049 1405 4096 con--

276 4120 390 4202 junfita
408 4134 488 4187 sunt
507 4125 606 4189 bonis
624 4146 711 4208 quae
729 4125 930 4201 voluntatis,
948 4125 998 4188 ita
1016 4135 1182 4208 quantum
1198 4126 1304 4189 homo
1323 4126 1397 4188 vult

276 4237 357 4280 vera
375 4228 412 4282 et
435 4219 516 4283 inde
534 4219 614 4282 facit
634 4220 703 4294 illa,
724 4230 861 4284 tantum
880 4219 986 4284 homo
1005 4221 1139 4284 caelum
1161 4222 1195 4284 in
1219 4240 1256 4284 se
1278 4220 1397 4293 habet,

276 4311 354 4394 quia
371 4322 410 4376 ut
429 4333 531 4394 supra
549 4311 677 4377 dietum
697 4325 762 4390 est,
782 4313 977 4396 conjunotio
997 4315 1132 4379 boniet
1155 4317 1225 4378 veri
1245 4323 1300 4379 est
1318 4335 1397 4380 cae·

277 4405 366 4484 lum;
400 4417 567 4489 quantum
596 4419 712 4472 autem
741 4409 837 4486 salsa,
857 4417 945 4492 quae
974 4407 1171 4474 intellet‘tus
1198 4421 1289 4485 sunt.
1314 4429 1397 4474 con·

274 4497 390 4580 junfta
407 4513 488 4566 sunt
507 4503 606 4566 malis
624 4525 711 4586 quae
730 4505 930 4580 voluntatis,
951 4514 1088 4568 tantum
1107 4504 1211 4569 homo
1230 4505 1397 4568 infernum

276 4595 310 4656 in
333 4615 370 4660 se
393 4595 511 4672 habet,
535 4600 613 4675 quia
636 4597 830 4676 conjunttio
852 4599 928 4664 falsi
958 4611 993 4666 et
1024 4601 1104 4664 mali
1127 4611 1183 4666 est
1206 4601 1396 4679 infernum
