3382 5358
660 653 710 703 DE
735 653 868 704 FORMA
892 655 1018 707 CAELI.
1341 661 1396 708 121

276 822 309 884 iu
340 821 525 886 inferiores.
572 823 724 888 Excedit
747 825 852 888 etiam
880 825 1050 907 sapientia
1072 826 1275 908 angelorum
1298 849 1398 911 supe·
1488 841 1490 846 '

275 917 370 980 rioris
394 917 480 982 caeli
503 921 709 1001 sapientiam
733 920 935 1002 angelorum
960 921 1135 996 inferioris,
1161 923 1249 986 sicut
1273 925 1399 1004 myrias

275 1031 397 1089 unum;
414 1032 500 1095 quae
511 1016 617 1077 etiam
629 1024 682 1079 est
695 1035 808 1090 causa,
820 1016 912 1098 quod
926 1016 1040 1097 angeli
1054 1017 1220 1079 inferioris
1233 1017 1319 1080 caeli
1330 1037 1399 1082 non

275 1110 408 1188 possint
429 1109 521 1192 loqui
543 1129 619 1172 cum
639 1111 773 1192 angelis
792 1112 993 1192 superioris3
1018 1113 1123 1174 immo
1142 1131 1219 1174 cum
1239 1111 1399 1195 spetiant
1431 1130 1434 1136 ’

275 1203 365 1278 illuc,
384 1222 452 1266 non
471 1205 591 1268 vident
611 1205 711 1282 illos;
735 1215 879 1288 apparet
898 1205 1032 1269 caelum
1049 1205 1185 1268 illorum
1205 1209 1292 1270 sicut
1312 1209 1398 1270 nim·

274 1298 395 1362 bosum
411 1300 491 1381 quid
508 1319 610 1381 supra
622 1310 747 1381 caput:
772 1311 808 1364 at
825 1299 940 1382 angeli
953 1302 1136 1382 superioris
1152 1301 1237 1366 caeli
1254 1312 1399 1382 possunt
1442 1367 1447 1377 ,

275 1395 389 1458 videre
406 1395 482 1458 illos
498 1397 554 1478 qui
570 1397 603 1459 in
620 1395 767 1459 inferiori
784 1395 882 1459 caelo
897 1405 988 1470 sunt,
1006 1396 1067 1459 sed
1084 1416 1153 1460 non
1170 1395 1250 1460 licet
1267 1398 1399 1460 sociare

272 1509 465 1554 sermonem
488 1509 565 1554 cum
588 1490 664 1566 illis,
690 1491 753 1554 nisi
776 1509 854 1553 curn
873 1487 1006 1573 jaetura
1028 1491 1219 1572 sapientiae
1242 1511 1335 1568 suae,
1360 1499 1398 1556 ut

274 1603 375 1666 supra
391 1583 519 1648 didtum
538 1595 603 1648 est.

337 1693 434 1744 21⁰·
464 1679 705 1761 Cogitationes
724 1689 759 1744 et
778 1677 985 1756 alletiiones,
1003 1690 1076 1744 tum
1095 1701 1271 1746 sermones
1289 1699 1397 1762 ange·

274 1773 383 1837 lorum
402 1775 512 1838 intimi
532 1775 629 1850 caeli,
650 1793 817 1858 nusquam
837 1775 1072 1857 percipiuntur
1095 1777 1130 1839 in
1155 1777 1268 1840 medio
1287 1775 1396 1852 cae10,

276 1868 353 1950 quia
372 1878 507 1932 tantum
527 1871 800 1947 transcendunt;
823 1870 896 1944 sed,
916 1889 993 1932 cum
1013 1870 1163 1934 Domino
1182 1870 1397 1952 beneplacet,

272 1974 416 2044 apparet
435 1965 515 2028 inde
535 1965 622 2028 sicut
638 1965 831 2028 flammeum
848 1964 929 2046 quid
948 1965 982 2027 in
1001 1965 1213 2029 inferioribus
1229 1966 1343 2041 caelis,
1360 1977 1398 2030 et

272 2079 358 2140 quae
381 2059 415 2122 in
439 2060 553 2123 medio
571 2060 669 2123 caelo
692 2069 730 2122 ut
754 2059 903 2123 lucidum
924 2058 1005 2142 quid
1030 2060 1064 2122 in
1089 2060 1212 2124 ultimo
1231 2059 1339 2135 caelo,
1360 2071 1396 2125 et

273 2155 476 2237 quandoque
496 2165 532 2218 ut
552 2155 659 2218 nubes
675 2155 822 2217 candida
840 2163 876 2218 et
896 2154 1116 2217 diversicolor
1127 2175 1135 2233 ;
1159 2175 1204 2218 ex
1220 2156 1310 2218 nube
1326 2154 1395 2232 illa,

271 2247 341 2330 ejus
356 2269 512 2325 ascensu,
530 2249 709 2325 descensu,
727 2258 763 2313 et
781 2247 900 2326 lorma,
919 2250 1072 2314 noscitur
1087 2269 1222 2333 quoque
1240 2250 1395 2334 aliquan·

272 2346 379 2427 tisper
397 2345 476 2428 quid
496 2345 542 2408 ibi
562 2345 756 2428 loquuntur.

331 2453 421 2506 ιιι.
452 2441 509 2504 Ex
533 2441 584 2505 his
608 2451 769 2506 constare
792 2449 923 2523 potest,
948 2440 1057 2523 qualis
1079 2441 1188 2505 forma
1210 2441 1296 2504 caeli
1319 2450 1393 2520 est;

271 2537 360 2620 quod
380 2555 503 2618 nempe
526 2537 559 2600 in
578 2537 700 2600 intimo
719 2536 817 2600 caelo
840 2536 992 2598 omnium
1016 2533 1265 2616 perlettissima
1283 2536 1339 2612 sit,
1359 2537 1393 2598 in

271 2632 384 2696 medio
409 2632 507 2696 caelo
533 2633 638 2696 etiam
663 2629 814 2713 perled'ta
837 2631 898 2694 sed
923 2632 957 2694 in
984 2631 1131 2695 inferiori
1154 2632 1274 2714 gradu,
1298 2641 1334 2696 et
1358 2633 1392 2695 in

269 2726 390 2791 ultimo
412 2729 446 2792 in
469 2727 580 2790 adhuc
604 2727 772 2805 inferiori3
806 2735 843 2789 et
869 2726 961 2808 quod
983 2727 1081 2790 unius
1103 2726 1189 2790 caeli
1210 2727 1320 2790 forma
1348 2727 1394 2792 ab

269 2822 379 2886 altera
394 2841 455 2904 per
473 2821 638 2884 influxum
657 2843 677 2884 a
697 2821 847 2884 Domino
862 2820 1040 2884 subsistat.
1085 2819 1153 2885 Sed
1170 2821 1279 2902 qualis
1297 2839 1392 2884 com-

269 2919 452 2982 municatio
471 2937 529 2998 per
548 2915 713 2980 influxum
732 2927 796 2990 est,
818 2936 887 2980 non
907 2916 1153 2999 comprehendi
1172 2925 1304 2996 potest,
1326 2917 1391 2980 nisi

269 3013 396 3076 sciatur
413 3011 532 3095 quales
548 3021 628 3074 sunt
647 3011 775 3093 gradus
791 3011 992 3086 altitudinis,
1006 3022 1042 3076 et
1061 3031 1147 3093 quae
1162 3010 1296 3074 illorum
1312 3031 1395 3092 gra--

269 3108 372 3172 duum
388 3107 579 3170 differentia
595 3115 649 3170 est
665 3127 686 3169 a
701 3107 865 3188 gradibus
881 3105 1108 3188 longitudinis
1122 3114 1160 3169 et
1178 3105 1390 3184 latitudinis;

269 3203 388 3288 quales
406 3201 455 3266 illi
474 3211 510 3266 et
529 3201 563 3266 hi
581 3201 708 3284 gradus
727 3211 818 3275 sunt,
839 3201 996 3264 videatur
1015 3221 1047 3264 n.
1068 3201 1117 3280 38.

331 3311 421 3364 ου.
444 3295 546 3378 Quod
569 3296 712 3359 sormam
735 3293 821 3358 caeli
844 3295 877 3356 in
902 3294 1015 3376 specie
1039 3293 1227 3368 concernit,
1247 3303 1283 3357 et
1305 3314 1390 3376 quo·

271 3391 375 3456 modo
393 3392 490 3455 vadit
509 3401 544 3454 et
567 3389 651 3466 fluit,
671 3389 737 3453 hoc
757 3387 1104 3472 incomprehensibile
1123 3397 1177 3452 est
1200 3389 1305 3452 etiam
1328 3409 1388 3452 an·

269 3486 366 3568 gelis.
412 3485 555 3569 Aliquid
586 3484 657 3567 ejus
687 3484 731 3548 ad
762 3484 875 3548 ideam
905 3484 980 3546 sisti
1009 3491 1128 3565 potest
1158 3501 1218 3564 per
1246 3481 1389 3548 formam

269 3582 420 3644 omnium
439 3583 472 3644 in
489 3599 632 3662 corpore
648 3581 799 3644 humano
815 3600 835 3642 a
851 3579 968 3660 sagaci
983 3587 1019 3642 et
1038 3577 1193 3660 sapiente
1207 3577 1389 3641 lustratam

268 3687 304 3741 et
317 3677 486 3750 rimatam,
501 3695 581 3739 nam
597 3695 699 3756 supra
716 3675 750 3738 in
767 3675 835 3737 suis
848 3672 999 3737 articulis
1012 3681 1189 3736 ostensum
1206 3681 1271 3747 est,
1286 3670 1388 3753 Quod

268 3781 380 3836 totum
397 3769 537 3835 Caelum
554 3770 678 3834 reserat
694 3787 798 3831 unum
816 3765 1002 3831 Hominem
1020 3766 1192 3850 (videatur
1207 3786 1239 3829 n.
1258 3766 1388 3850 59-72),

267 3878 302 3932 et
323 3865 425 3949 Quod
442 3867 558 3929 omnia
574 3885 659 3948 quae
679 3867 710 3928 in
733 3863 883 3928 Homine
899 3862 1192 3944 correspondeant
1209 3859 1322 3926 Caelis
1340 3859 1388 3942 (n.

267 3961 420 4047 87-102).
466 3959 580 4043 Quam
602 3959 959 4041 incomprehensibilis
985 3969 1021 4023 et
1051 3956 1302 4022 inextricabilis
1329 3956 1390 4019 illa

267 4058 377 4122 forma
399 4059 455 4133 sit,
479 4063 578 4138 patet
601 4054 714 4119 solum
740 4056 774 4118 in
799 4055 972 4118 communi
998 4073 1019 4117 a
1044 4051 1136 4115 libris
1160 4053 1304 4126 nerveis,
1329 4071 1390 4132 per

267 4173 350 4237 quas
366 4153 481 4217 omnia
499 4159 535 4216 et
554 4149 691 4233 singula
708 4151 1004 4232 compaginantur.
1050 4145 1179 4229 Quales
1197 4146 1276 4210 illae
1295 4155 1388 4223 sunt,

268 4256 303 4311 et
322 4247 494 4332 quomodo
512 4246 643 4310 vadunt
667 4253 703 4310 et
733 4245 839 4309 fluunt
868 4245 901 4308 in
932 4243 1083 4316 cerebro,
1105 4261 1148 4304 ne
1175 4241 1313 4323 quidem
1343 4241 1387 4304 ad

267 4343 402 4408 oculum
421 4343 590 4426 pervenit,
611 4361 690 4404 nam
714 4338 978 4404 innumerabiles
1001 4337 1047 4400 ibi
1070 4345 1150 4400 sunt
1172 4336 1222 4398 ita
1244 4334 1388 4416 compli-

267 4447 377 4514 catae,
395 4447 432 4502 ut
450 4437 549 4501 simul
565 4449 724 4518 sumptae
739 4445 928 4517 appareant
948 4435 1035 4496 sicut
1051 4453 1164 4495 massa
1176 4429 1289 4494 mollis
1304 4447 1387 4491 con-

268 4535 374 4609 tinua,
398 4553 475 4597 cum
499 4545 618 4598 tamen
641 4531 756 4596 omnia
782 4540 818 4594 et
850 4529 996 4612 singula,
1021 4549 1108 4611 quae
1130 4525 1321 4590 voluntatis
1350 4533 1387 4590 et

267 4625 462 4693 intellectus
492 4638 582 4706 sunt,
607 4627 794 4692 secundum
824 4625 902 4689 illas
932 4623 1038 4688 fluunt
1067 4621 1322 4686 distintlissime
1351 4621 1386 4684 in
