3350 5366
268 581 331 660 3¹6
592 593 644 646 ua
665 593 791 646 casso
814 595 862 646 aa
885 594 1069 649 turstano

266 763 377 828 solum
400 763 492 846 loqui
514 769 551 830 et
573 783 687 847 agere.
732 764 836 830 Tales
859 775 938 830 sunt
958 767 1121 850 plerique,
1141 767 1198 850 qui
1216 767 1319 832 hodie
1338 789 1384 832 ex

265 858 348 922 orbe
367 855 564 922 Christiano
582 858 616 922 in
633 857 779 924 alteram
797 859 905 924 vitam
924 861 1077 926 veniunt.

328 953 434 1037 496.
465 951 702 1035 Explorantur
734 974 840 1038 usque
873 975 894 1018 a
925 955 1025 1018 bonis
1062 953 1235 1044 spiritibus
1265 955 1384 1039 quales

265 1055 357 1122 sunt,
378 1055 414 1110 et
437 1045 502 1110 hoc
526 1047 627 1112 variis
650 1047 782 1128 modis;
815 1051 976 1133 quoniam
1006 1049 1039 1114 in
1069 1051 1179 1134 primo
1200 1045 1266 1114 hoc
1289 1060 1384 1116 statu

265 1139 346 1204 mali
363 1161 471 1224 aeque
487 1163 568 1206 vera
586 1141 781 1224 loquuntur,
797 1163 838 1206 ac
856 1143 949 1208 bona
967 1153 1086 1225 agunt,
1106 1145 1194 1208 sicut
1214 1146 1314 1222 boni;
1338 1166 1384 1210 ex

265 1255 379 1311 causa,
404 1237 447 1300 de
476 1257 543 1319 qua
571 1257 684 1318 supra,
713 1237 791 1320 quia
818 1258 926 1322 aeque
956 1239 1133 1302 moraliter
1160 1240 1321 1304 vixerunt
1350 1241 1383 1304 in

265 1341 411 1394 externa
429 1331 548 1404 forma,
565 1333 727 1414 quoniam
745 1331 780 1392 in
798 1331 1032 1413 regiminibus,
1049 1343 1084 1396 et
1104 1333 1167 1398 sub
1185 1332 1330 1416 legibus,
1347 1347 1383 1398 et

264 1427 425 1508 quoniam
448 1446 509 1510 per
531 1425 565 1490 id
588 1436 846 1508 aucupaverunt
869 1425 995 1490 samam
1014 1423 1099 1508 justi
1126 1435 1163 1490 et
1191 1425 1325 1502 sinceri,
1350 1436 1386 1492 et

264 1529 492 1603 captaverunt
512 1521 654 1598 animos,
675 1529 711 1586 et
734 1521 782 1584 sic
802 1519 914 1584 evecti
932 1531 1013 1586 sunt
1031 1521 1076 1584 ad
1096 1520 1255 1597 honores,
1275 1531 1312 1586 et
1334 1519 1386 1584 lu·

264 1617 351 1682 crati
380 1637 474 1698 opes.
521 1616 808 1680 Internoscuntur
838 1637 920 1680 vero
950 1615 1031 1680 mali
1060 1615 1200 1698 spiritus
1233 1637 1254 1678 a
1286 1615 1387 1680 bonis

264 1713 428 1796 imprimis
447 1732 508 1794 per
530 1712 574 1788 id,
595 1711 686 1795 quod
705 1710 788 1775 mali
806 1713 928 1794 cupide
946 1710 1129 1774 attendant
1153 1712 1198 1774 ad
1221 1709 1281 1773 illa
1299 1731 1387 1794 quae

264 1809 424 1872 dicuntur
458 1808 502 1871 de
531 1808 697 1884 externis,
718 1817 754 1872 et
781 1827 900 1890 parum
924 1827 1011 1890 quae
1044 1807 1088 1872 de
1121 1807 1275 1883 internis,
1299 1827 1386 1890 quae

264 1914 344 1966 sunt
363 1924 444 1966 vera
467 1911 503 1968 et
526 1903 622 1975 bona,
640 1902 808 1967 ecclesiae
831 1911 868 1967 et
891 1903 998 1981 caeli;
1025 1901 1110 1966 haec
1130 1902 1267 1986 quidem
1290 1904 1387 1967 audi·

264 2009 337 2074 unt,
362 1999 422 2062 sed
446 2018 515 2061 non
539 2017 616 2062 cum
640 1997 837 2062 attentione
860 2007 896 2062 et
922 1997 1071 2080 gaudio:
1107 1997 1388 2063 internoscuntur

264 2095 369 2157 etiam
386 2114 446 2176 per
464 2093 509 2168 id,
527 2093 617 2176 quod
633 2091 829 2175 frequenter
845 2114 880 2158 se
897 2102 1104 2156 convertant
1121 2092 1164 2156 ad
1183 2101 1297 2156 certas
1313 2093 1387 2176 pla·

264 2209 337 2270 gas,
362 2199 398 2251 et
429 2207 505 2251 cum
536 2188 600 2251 sibi
628 2185 738 2251 relicti
761 2198 854 2263 sunt,
874 2187 966 2270 quod
990 2198 1071 2251 eant
1094 2188 1166 2250 vias
1190 2208 1277 2270 quae
1306 2187 1386 2252 illuc

264 2283 423 2348 tendunt.
469 2283 526 2345 Ex
545 2284 771 2346 conversione
790 2283 834 2346 ad
858 2281 991 2365 plagas,
1012 2291 1049 2346 et
1073 2303 1119 2346 ex
1143 2282 1386 2364 progressione

264 2401 324 2463 per
343 2381 426 2453 vias,
447 2378 600 2440 noscitur
615 2377 725 2460 qualis
744 2385 798 2441 est
817 2396 913 2440 amor
932 2377 987 2459 qui
1007 2377 1112 2440 ducit.

327 2487 428 2559 497.
464 2471 595 2537 Omnes
607 2473 745 2554 spiritus
758 2473 813 2556 qui
826 2471 959 2536 alluunt
973 2494 990 2536 e
1008 2473 1147 2544 mundo,
1160 2473 1297 2554 quidem
1310 2471 1387 2536 alli-

264 2571 337 2654 gati
361 2578 441 2632 sunt
465 2569 601 2631 cuidam
624 2570 785 2631 societati
808 2569 841 2631 in
866 2567 976 2643 caelo,
996 2569 1051 2631 vel
1076 2568 1210 2630 cuidam
1230 2568 1386 2631 societati

265 2666 298 2726 in
323 2663 465 2740 inferno,
487 2662 548 2724 sed
572 2661 677 2724 modo
700 2663 813 2744 quoad
837 2661 1021 2738 interiora;
1045 2669 1099 2724 ast
1122 2660 1284 2724 interiora
1303 2659 1387 2723 nulli

264 2763 387 2838 patent
407 2753 568 2836 quamdiu
587 2755 620 2815 in
640 2753 869 2816 exterioribus
888 2764 980 2828 sunt,
998 2772 1077 2815 nam
1097 2762 1244 2815 externa
1262 2761 1388 2834 tegunt

265 2859 301 2913 et
321 2849 540 2912 abscondunt
559 2847 705 2923 interna,
727 2850 877 2912 maxime
896 2849 987 2932 apud
1006 2847 1085 2910 illos
1104 2849 1160 2930 qui
1180 2847 1213 2909 in
1234 2847 1387 2909 interiori

266 2942 358 3006 malo
377 2951 476 3005 sunt:
501 2941 562 3005 sed
582 2951 706 3024 postea
722 2941 903 3004 manifeste
920 2949 1098 3026 apparent,
1116 2959 1192 3003 cum
1213 2939 1245 3002 in
1266 2959 1387 3002 secun·

266 3037 346 3099 dum
358 3045 486 3098 statum
500 3035 641 3098 veniunt
653 3056 661 3112 ;
685 3035 763 3117 quia
777 3045 858 3099 tunc
872 3035 1070 3115 aperiuntur
1083 3033 1245 3096 interiora
1258 3050 1385 3108 eorum,

266 3147 306 3192 ac
326 3127 505 3212 sopiuntur
525 3127 710 3190 exteriora.

328 3221 433 3302 498·
463 3216 582 3282 Status
605 3217 660 3281 hic
691 3213 818 3300 primus
841 3216 990 3282 hominis
1014 3227 1093 3300 post
1117 3225 1264 3279 mortem
1287 3215 1388 3279 durat

266 3315 434 3398 aliquibus
454 3333 514 3395 per
532 3313 615 3386 dies,
636 3311 804 3396 aliquibus
827 3331 887 3394 per
909 3331 1057 3385 menses,
1078 3321 1114 3374 et
1137 3307 1306 3392 aliquibus
1328 3331 1389 3393 per

266 3429 405 3486 annum,
423 3419 458 3472 et
478 3429 554 3472 raro
573 3407 673 3472 alicui
693 3408 782 3472 ultra
800 3425 926 3472 annum
942 3429 949 3485 ;
974 3406 1117 3488 singulis
1136 3425 1213 3470 cum
1230 3405 1388 3469 differen-

267 3507 316 3570 tia
334 3505 520 3569 secundum
539 3505 738 3568 interiorum
758 3503 1042 3568 concordantiam
1066 3511 1101 3565 et
1121 3501 1389 3565 discordantiam

267 3621 344 3666 cum
363 3600 602 3664 exterioribus.
647 3597 752 3681 Apud
772 3599 1031 3681 unumquemvis
1050 3597 1140 3660 enim
1159 3597 1335 3660 exteriora
1353 3605 1389 3660 et

267 3697 431 3761 interiora
449 3714 552 3757 unum
572 3704 690 3776 agent,
711 3704 747 3758 et
771 3691 1111 3778 correspondebunt:
1136 3690 1307 3755 nonlicet
1327 3689 1390 3753 ali·

268 3793 321 3856 cui
347 3793 380 3854 in
406 3789 575 3873 spirituali
598 3789 727 3853 mundo
750 3786 851 3853 aliter
873 3789 1029 3871 cogitare
1053 3797 1088 3851 et
1112 3785 1202 3850 velle
1226 3805 1265 3848 ac
1289 3785 1390 3850 aliter

267 3889 360 3970 loqui
390 3895 426 3951 et
457 3905 570 3967 agere,
595 3885 736 3968 quisque
766 3884 812 3948 ibi
842 3884 907 3948 erit
930 3903 1012 3946 suae
1038 3875 1225 3946 affectionis
1253 3901 1312 3944 seu
1339 3882 1390 3944 sui

268 3983 394 4048 amoris
413 3981 554 4064 effigies,
575 3979 654 4044 ideo
673 3979 782 4063 qualis
801 3989 854 4044 est
878 3979 912 4041 in
935 3977 1150 4042 interioribus
1169 3975 1249 4040 talis
1268 3976 1333 4040 erit
1356 3976 1389 4038 in

268 4079 517 4154 exterioribus;
541 4095 645 4158 quare
664 4075 839 4138 exteriora
862 4073 1000 4158 spiritus
1019 4073 1162 4155 primum
1185 4079 1391 4153 reteguntur

268 4183 304 4238 et
323 4173 524 4254 rediguntur
539 4172 572 4234 in
589 4171 754 4245 ordinem,
772 4179 808 4234 ut
828 4171 977 4234 serviant
995 4189 1056 4252 pro
1072 4167 1175 4251 plano
1188 4185 1391 4249 correspon-

240 4335 242 4341 ,
268 4271 373 4333 dente
392 4267 619 4332 interioribus.
