3408 5358
329 650 441 704 HOMO
458 649 548 702 POST
564 647 728 700 MORTEM
748 648 815 700 EST
831 647 970 712 Quaus
988 645 1074 714 nJus
1090 646 1180 697 VITA
1198 645 1295 698 FUIT.
1341 645 1399 713 301

278 819 338 884 sed
357 819 448 903 quod
468 819 502 883 hi
520 819 565 884 ad
584 816 844 886 instrustionem
859 817 966 902 longe
984 817 1190 900 aufugerint,
1206 825 1243 880 et
1262 835 1339 880 curn
1357 814 1402 880 ad

278 935 357 978 suos
376 925 556 992 venerunt,
573 915 778 998 arripuerint
797 913 883 980 salsa
901 914 1146 979 convenientia
1164 911 1272 976 amori
1292 910 1403 974 multa

277 1009 478 1092 voluptate:
503 1019 576 1074 tum
594 1030 731 1093 quoque
751 1009 843 1093 quod
861 1009 1001 1092 spiritus
1019 1009 1101 1072 boni
1124 1009 1214 1072 inter
1235 1027 1273 1070 se
1295 1005 1402 1070 locuti

278 1106 348 1170 sint
365 1105 409 1170 de
428 1106 528 1180 veris,
549 1125 636 1188 quae
654 1114 857 1188 praesentes
871 1105 955 1168 boni
972 1123 1050 1168 cum
1069 1101 1242 1168 desiderio
1260 1101 1402 1164 audive-

277 1209 368 1275 runt,
388 1210 425 1266 at
444 1201 536 1284 quod
556 1200 638 1264 mali
656 1201 763 1264 etiam
782 1209 984 1283 praesentes
1000 1198 1046 1262 ad
1070 1197 1155 1262 nihil
1173 1195 1400 1268 attenderint,

277 1297 365 1360 sicut
381 1297 473 1378 quod
490 1315 559 1358 non
575 1295 779 1360 audiverint.
823 1293 1007 1377 Apparent
1025 1293 1060 1357 in
1080 1293 1208 1357 mundo
1224 1291 1401 1374 spirituum

277 1394 372 1470 viae;
395 1390 567 1474 quaedam
584 1391 714 1456 ducunt
731 1390 776 1454 ad
799 1390 945 1466 caelum,
964 1388 1134 1473 quaedam
1153 1388 1198 1452 ad
1220 1387 1399 1459 infernum,

278 1487 486 1570 unaquaevis
502 1486 545 1550 ad
561 1485 713 1570 aliquam
724 1485 951 1550 societatem:
976 1485 1057 1548 boni
1076 1485 1215 1566 spiritus
1231 1501 1300 1546 non
1316 1479 1402 1544 alias

278 1580 350 1642 vias
365 1587 460 1653 eunt,
477 1597 580 1663 quam
598 1599 686 1663 quae
701 1579 833 1646 ducunt
849 1580 894 1644 ad
912 1577 1058 1656 caelum,
1075 1589 1113 1646 et
1131 1579 1176 1644 ad
1194 1578 1401 1643 societatem

278 1695 365 1757 quae
387 1673 422 1738 in
443 1675 495 1738 sui
517 1675 643 1740 amoris
665 1675 759 1740 bono
781 1683 849 1751 est,
869 1695 910 1740 ac
933 1675 1007 1740 vias
1029 1675 1100 1740 alio
1122 1674 1307 1739 tendentes
1330 1691 1400 1737 non
1503 1729 1507 1736 .

278 1768 419 1847 vident;
452 1777 489 1832 at
518 1768 601 1832 mali
618 1770 758 1852 spiritus
780 1788 850 1833 non
868 1768 954 1833 alias
975 1771 1049 1832 vias
1073 1779 1168 1844 eunt,
1188 1785 1290 1851 quarn
1313 1785 1401 1850 quae

278 1863 407 1928 ducunt
438 1863 483 1928 ad
516 1863 695 1939 infernum,
721 1871 759 1928 et
791 1863 837 1928 ad
866 1861 961 1928 illam
992 1864 1038 1928 ibi
1069 1865 1287 1937 societatem,
1311 1879 1400 1944 quae

277 1958 311 2021 in
334 1959 385 2022 sui
408 1959 535 2022 amoris
553 1957 645 2022 malo
662 1967 739 2036 est3
770 1959 843 2022 vias
865 1957 936 2021 alio
954 1959 1141 2022 tendentes
1164 1977 1234 2020 non
1257 1955 1399 2032 vident3

277 2061 314 2118 et
337 2053 365 2116 si
383 2053 518 2128 vident,
538 2073 646 2135 usque
665 2071 735 2118 non
753 2052 874 2116 volunt
893 2053 952 2116 ire.
989 2045 1102 2116 'Tales
1119 2053 1196 2116 viae
1218 2053 1252 2115 in
1272 2049 1401 2114 mundo

277 2147 446 2230 spirituali
461 2157 542 2212 sunt
555 2148 779 2230 apparentiae
791 2147 912 2222 reales,
923 2167 1011 2231 quae
1025 2148 1298 2230 correspondent
1310 2147 1400 2210 veris

277 2253 337 2308 aut
358 2242 476 2320 salsis3
506 2252 717 2326 quapropter
737 2243 840 2306 “viae
848 2241 864 2268 ”
882 2243 917 2305 in
936 2241 1055 2306 Verbo
1078 2242 1139 2306 illa
1157 2238 1400 2325 significantffl

278 2336 336 2402 Ex
366 2337 419 2402 his
449 2339 685 2419 experientiae
713 2336 933 2402 documentis
959 2336 1163 2402 confirmata
1191 2345 1281 2413 sunt,
1312 2355 1400 2419 quae

276 2433 368 2514 prius
383 2453 429 2496 ex
446 2433 580 2496 ratione
596 2429 688 2497 dista
702 2441 795 2508 sunt,
806 2449 932 2514 nempe
947 2431 1039 2515 quod
1050 2433 1279 2515 unusquisque
1294 2431 1400 2496 homo

277 2536 357 2608 post
381 2535 530 2592 mortem
559 2527 605 2592 sit
632 2547 713 2591 suus
735 2547 843 2602 amor,
867 2538 908 2591 et
933 2545 995 2591 sua
1018 2525 1202 2591 voluntas:
1236 2525 1399 2590 voluntas

277 2621 412 2698 dicitur,
429 2623 507 2705 quia
525 2623 601 2704 ipsa
617 2623 780 2687 voluntas
798 2621 947 2705 cujusvis
962 2629 1017 2686 est
1036 2619 1107 2703 ejus
1126 2641 1232 2685 amor.

339 2715 444 2798 480·
470 2715 566 2800 [(ii.)]
594 2716 692 2796 Quod
698 2715 795 2782 homo
801 2727 882 2799 post
890 2727 1027 2782 mortem
1039 2725 1172 2780 maneat
1183 2716 1218 2779 in
1229 2724 1400 2780 aeternam

277 2810 391 2892 qualis
405 2821 458 2874 est
478 2811 593 2894 quoad
606 2831 704 2876 ruam
720 2811 926 2877 voluntatem
945 2821 1007 2875 aut
1027 2831 1174 2875 amorem
1192 2820 1397 2893 regnantem,

277 2907 383 2970 etiam
402 2925 463 2988 per
481 2905 612 2988 plurem
630 2908 883 2990 experientiam
903 2905 1141 2971 confirmatum
1160 2916 1224 2970 est.
1269 2905 1398 2969 Datum

277 3007 329 3062 est
347 2998 440 3082 loqui
456 3019 532 3063 curn
549 3000 719 3083 aliquibus
735 3002 791 3084 qui
808 3011 891 3065 ante
906 3001 976 3065 duo
994 3000 1102 3064 millia
1117 3017 1284 3062 annorum
1300 2999 1399 3063 vixe-

277 3103 366 3168 runt,
384 3113 526 3176 quorum
542 3095 613 3159 vita
630 3096 665 3159 in
681 3095 853 3160 historicis
869 3097 1044 3176 descripta
1058 3103 1125 3169 est,
1143 3103 1179 3157 et
1198 3095 1277 3157 inde
1294 3103 1398 3159 nota:

276 3185 326 3250 ilii
341 3189 511 3269 comperti
527 3199 619 3264 sunt,
636 3191 730 3272 quod
748 3191 812 3253 sibi
828 3189 940 3254 adhuc
957 3188 1087 3252 similes
1102 3197 1232 3264 essent,
1250 3195 1285 3251 et
1301 3207 1399 3270 pror·

276 3299 333 3344 sus
356 3279 446 3344 tales
469 3282 557 3345 sicut
575 3283 739 3366 descripti
758 3293 849 3358 sunt,
870 3284 919 3347 ita
941 3283 1055 3366 quoad
1078 3299 1241 3355 amorem,
1262 3301 1308 3344 ex
1331 3299 1400 3362 quo

277 3383 313 3438 et
343 3375 532 3438 secundum
555 3395 656 3458 quem
686 3378 758 3440 vita
786 3395 914 3440 eorum.
961 3375 1114 3440 Fuerunt
1144 3375 1200 3438 alii
1230 3375 1286 3456 qui
1316 3383 1399 3437 ante

276 3468 516 3549 septendecim
543 3469 682 3532 saecula
714 3471 886 3544 vixerunt,
910 3477 947 3533 et
980 3489 1116 3552 quoque
1150 3489 1195 3533 ex
1225 3467 1398 3531 historicis

277 3563 370 3640 noti;
394 3573 430 3626 et
447 3563 582 3626 suerunt
599 3563 654 3646 qui
671 3573 754 3626 ante
769 3573 917 3646 quatuor
932 3562 1081 3636 saecula,
1095 3571 1131 3626 et
1148 3563 1204 3645 qui
1220 3571 1303 3624 ante
1319 3561 1397 3636 tria,

277 3665 311 3719 et
334 3658 383 3720 sic
403 3677 516 3738 porro,
537 3675 613 3719 cum
633 3656 755 3738 quibus
773 3657 877 3720 etiam
897 3656 989 3738 loqui
1007 3657 1128 3719 datum
1146 3665 1222 3719 est:
1247 3663 1283 3718 et
1301 3673 1397 3718 com·

278 3760 425 3832 pertum,
450 3749 541 3832 quod
565 3749 687 3814 similis
709 3747 844 3814 affectio
862 3747 974 3813 adhuc
998 3759 1161 3831 regnaret
1184 3748 1274 3831 apud
1297 3747 1397 3830 illos;

278 3843 407 3926 absque
426 3843 618 3907 differentia
635 3842 715 3919 alia,
735 3861 837 3926 quam
855 3843 949 3926 quod
964 3842 1116 3924 jucunda
1134 3843 1260 3905 amoris
1279 3861 1396 3906 eorum

274 3957 373 4002 versa
392 3937 516 4002 suerint
534 3937 569 4000 in
588 3935 676 3999 talia
690 3955 777 4019 quae
794 3937 1078 4018 correspondent.
1124 3933 1262 4000 Dictum
1280 3946 1335 4000 est
1353 3935 1398 4000 ab

661 4163 714 4218 tiu
726 4173 823 4207 mm
834 4165 1007 4218 emuli

329 4269 378 4339 (p)
405 4265 495 4340 Quod
512 4267 611 4332 “via''
628 4265 785 4330 “semita''
799 4267 948 4330 ‘'orbita''
968 4275 984 4298 ‘⁴
991 4265 1104 4331 vicus.”
1119 4274 1134 4296 ¹⁴
1143 4267 1270 4338 platea,”
1284 4267 1398 4340 signiti-

273 4349 343 4394 cent
354 4353 434 4402 vera,
444 4355 522 4411 quae
534 4341 650 4394 ducunt
661 4340 700 4395 ad
714 4339 835 4402 bonum,
846 4349 924 4396 utet
936 4337 1011 4395 ialsa
1019 4355 1096 4411 quae
1105 4338 1221 4394 ducunt
1233 4325 1272 4394 ad
1285 4339 1396 4394 malum

276 4413 316 4478 (n.
326 4409 482 4536 wera&
489 4412 686 4553 Jrffl'quou
700 4480 741 4536 sit
751 4495 926 4606 praegornre
935 4491 970 4536 ut
979 4495 1050 4536 vera
1058 4480 1243 4566 recipiantur
1252 4481 1293 4550 (n.
1305 4482 1397 4550 3¹4²)-

327 4549 464 4606 “Notaru
474 4551 571 4607 iacere
581 4551 687 4614 viam.’'
697 4567 764 4607 cum
776 4552 814 4606 de
875 4551 966 4612 mino.
975 4553 1056 4624 quod
1066 4553 1107 4607 sit
1117 4563 1265 4607 instruere
1279 4551 1309 4606 in
1319 4552 1398 4608 veris

273 4637 350 4693 quae
363 4623 477 4677 ducunt
489 4623 527 4676 ad
541 4623 653 4678 bonum
668 4625 708 4693 (n.
725 4621 837 4692 105641?
853 4621 972 4692 1⁰s⁶5l)·
