3350 5366
293 657 385 708 VITA
401 657 503 722 QUAE
520 656 636 709 DUCIT
651 657 704 708 llo
720 655 972 720 cnztuusttmt
990 613 1265 710 mmmmm.
1309 661 1371 727 339

251 827 324 891 vita
346 825 539 909 spiritualis,
558 826 632 890 vita
654 825 803 903 moralis,
823 845 863 890 ac
886 824 959 892 vita
981 825 1102 902 civilis,
1122 833 1157 890 et
1180 827 1271 909 quod
1291 825 1371 890 illac

249 923 342 985 vitae
360 923 429 986 sint
448 919 650 986 distinctae:
675 940 755 986 nam
772 931 853 986 sunt
872 921 1030 986 homines
1045 921 1101 1004 qui
1121 921 1242 986 vivunt
1261 922 1369 986 vitam

250 1015 396 1092 ciuilem,
417 1025 452 1082 et
472 1037 541 1080 non
561 1027 679 1081 tamen
699 1016 865 1080 moralem
887 1024 925 1080 et
954 1013 1190 1098 spiritualem3
1224 1024 1260 1080 ct
1289 1025 1370 1080 sunt

248 1111 305 1195 qul
323 1113 443 1174 vivunt
460 1111 625 1176 moralem
642 1119 679 1174 et
698 1131 804 1193 usque
820 1129 888 1174 non
906 1108 1138 1192 spiritualem
1162 1119 1197 1174 et
1217 1119 1297 1174 sunt
1313 1111 1370 1193 qui

248 1208 368 1269 vivunt
392 1215 464 1269 tam
484 1206 590 1270 vitam
609 1205 755 1281 civilem,
775 1225 877 1288 quam
897 1204 1073 1281 moralem,
1092 1214 1128 1268 et
1152 1205 1251 1270 simul
1270 1205 1369 1286 spiri-

248 1301 404 1380 tualem;
437 1300 472 1364 hi
498 1309 579 1365 sunt
608 1300 665 1383 qui
693 1300 802 1364 vitam
826 1299 913 1365 caeli
942 1309 1062 1382 agunt,
1086 1299 1136 1362 illi
1166 1309 1282 1364 autem
1312 1300 1393 1384 qui·

247 1398 354 1460 vitam
370 1395 488 1458 mundi
500 1405 695 1477 separatam
713 1415 734 1460 a
751 1395 824 1458 vita
839 1393 935 1460 caeli.
980 1393 1038 1460 Ex
1055 1394 1109 1458 his
1124 1395 1268 1476 primum
1284 1413 1368 1458 con·

250 1501 343 1556 stare
362 1500 493 1574 potest,
512 1491 604 1573 quod
627 1490 700 1553 vita
718 1489 904 1572 spiritualis
923 1509 991 1554 non
1010 1490 1055 1552 sit
1074 1498 1235 1572 separata
1253 1509 1274 1552 a
1292 1490 1365 1554 vita

247 1585 395 1650 naturali
414 1605 473 1648 seu
492 1605 512 1648 a
530 1585 602 1649 vita
621 1585 749 1660 mundi,
767 1585 828 1648 sed
845 1583 936 1667 quod
956 1583 1015 1648 illa
1032 1585 1077 1648 sit
1093 1580 1276 1665 conjuncta
1290 1601 1368 1648 cum

246 1681 311 1745 hac
330 1682 419 1744 sicut
437 1680 553 1744 anima
570 1699 648 1744 cum
672 1699 733 1744 suo
752 1698 907 1761 corpore,
927 1688 964 1744 et
987 1679 1015 1742 si
1038 1688 1254 1762 separaretur
1276 1679 1368 1760 quod

246 1775 333 1840 soret
347 1777 434 1839 sicut
447 1775 617 1838 habitatio
629 1775 663 1838 in
674 1774 778 1838 domo
788 1774 841 1836 cui
853 1793 923 1838 non
933 1772 1204 1848 fundamentum,
1216 1782 1253 1838 ut
1266 1793 1368 1856 supra

246 1868 373 1934 dictum
390 1881 455 1934 est.
500 1868 586 1933 Vita
600 1870 690 1933 enim
707 1867 846 1932 moralis
863 1877 900 1933 et
916 1867 1025 1932 civilis
1041 1877 1095 1932 est
1111 1865 1259 1932 activum
1276 1869 1367 1932 vitae

247 1965 453 2048 spiritualis;
480 1983 559 2026 nam
581 1965 674 2028 vitae
692 1963 879 2045 spiritualis
902 1971 956 2028 est
980 1956 1071 2028 velle
1093 1963 1193 2038 bene,
1214 1971 1249 2025 et
1273 1963 1367 2026 vitae

234 2060 385 2123 moralis
404 2069 440 2122 ct
459 2058 569 2122 civilis
584 2067 638 2122 est
655 2077 758 2140 agere
774 2057 883 2136 bene;
907 2057 935 2122 si
954 2057 1020 2122 hoc
1036 2067 1215 2141 separatur
1230 2057 1276 2120 ab
1293 2057 1365 2134 illo,

246 2155 406 2218 consistit
426 2153 497 2216 vita
515 2151 702 2234 spiritualis
722 2152 834 2216 solum
857 2153 891 2216 in
915 2152 1129 2234 cogitatione
1152 2161 1189 2216 et
1213 2150 1363 2234 loquela,

245 2268 285 2313 ac
304 2249 435 2312 recedit
452 2247 625 2322 voluntas,
638 2247 716 2330 quia
732 2247 763 2312 ei
780 2266 849 2312 non
865 2246 1008 2312 fulcrum
1024 2267 1033 2326 ;
1057 2255 1092 2312 et
1107 2255 1226 2312 tamen
1242 2246 1364 2312 volun·

245 2353 300 2408 tas
319 2355 373 2407 cst
392 2344 500 2425 ipsum
520 2341 697 2424 spirituale
715 2342 875 2406 hominis.

307 2453 410 2521 53⁰.
440 2435 542 2518 Quod
573 2455 643 2500 non
677 2445 750 2500 tam
773 2435 912 2500 difficile
944 2435 990 2500 sit
1019 2455 1123 2518 agere
1146 2435 1254 2500 vitam
1277 2455 1365 2519 quac

244 2534 339 2597 ducit
362 2533 406 2594 ad
429 2532 573 2605 caelum,
593 2532 682 2596 sicut
705 2531 865 2607 creditur,
886 2551 931 2595 ex
953 2530 1006 2594 his
1029 2551 1118 2594 nunc
1142 2533 1365 2614 sequentibus

243 2629 350 2693 videri
369 2635 496 2708 potest.
542 2624 627 2708 Quis
644 2646 714 2690 non
730 2625 865 2690 civilem
883 2635 919 2690 et
939 2624 1106 2690 moralem
1122 2626 1229 2690 vitam
1246 2636 1364 2709 potest

245 2723 371 2806 agere?
402 2741 481 2784 nam
503 2723 645 2804 quisque
668 2721 712 2784 ab
734 2721 878 2786 infantia
900 2721 1055 2786 initiatur
1077 2722 1112 2784 in
1135 2721 1239 2796 illam,
1260 2731 1295 2786 ct
1317 2741 1364 2786 ex

243 2820 315 2881 vita
333 2819 366 2880 in
383 2817 511 2880 mundo
528 2817 593 2880 scit
614 2815 730 2894 illam3
754 2817 898 2898 quisque
913 2817 1019 2880 etiam
1036 2817 1110 2897 agit
1129 2814 1237 2894 illam,
1254 2836 1364 2900 aeque

244 2913 354 2976 malus
376 2932 416 2974 ac
440 2913 561 2986 bonus,
582 2931 661 2974 nam
678 2912 752 2993 quis
771 2929 840 2974 non
860 2911 1012 2976 sincerus
1034 2911 1110 2974 vult
1130 2912 1208 2986 dici,
1228 2921 1265 2976 et
1288 2913 1363 2996 quis

244 3027 312 3070 non
325 3005 460 3088 justus?
505 3005 617 3068 Paene
633 3025 753 3068 omnes
769 3005 1006 3070 sinceritatem
1025 3015 1061 3069 et
1076 3004 1245 3087 justitiam
1261 3027 1363 3070 exer·

243 3112 323 3166 cent
343 3103 377 3166 in
396 3101 562 3176 externis,
582 3101 794 3182 usqueadeo
814 3109 852 3164 ut
876 3110 1067 3183 appareant
1090 3103 1179 3164 sicut
1200 3101 1303 3164 corde
1326 3111 1363 3166 et

243 3197 365 3259 sinceri
383 3205 419 3259 et
435 3193 517 3277 justi
536 3196 618 3270 sint,
638 3205 697 3258 aut
716 3196 805 3260 sicut
827 3215 873 3258 ex
892 3195 967 3277 ipsa
985 3195 1182 3260 sinceritate
1205 3204 1241 3258 et
1260 3193 1362 3278 justi·

243 3291 292 3354 tia
314 3301 441 3372 agant:
475 3289 632 3353 similiter
654 3290 759 3354 debet
782 3289 969 3371 spiritualis
991 3289 1097 3355 homo
1119 3291 1246 3364 vivere,
1270 3291 1362 3372 quod

243 3393 361 3467 potest
380 3395 452 3448 tam
470 3384 570 3448 facile
588 3403 690 3466 quam
710 3383 876 3447 naturalis
895 3383 1011 3459 horno,
1028 3384 1088 3446 sed
1105 3403 1182 3448 cum
1200 3383 1276 3448 sola
1298 3385 1361 3448 dil-

242 3479 396 3553 serentia,
416 3479 507 3561 quod
532 3477 718 3560 spiritualis
739 3477 846 3542 homo
868 3477 989 3542 credat
1012 3477 1186 3552 Divinum,
1210 3488 1246 3542 et
1269 3477 1361 3562 quod

242 3575 374 3636 sincere
392 3582 428 3636 et
445 3571 536 3653 juste
554 3581 638 3652 agat
655 3593 723 3636 non
741 3581 926 3655 propterea
940 3571 1051 3636 solum
1067 3572 1146 3654 quia
1164 3581 1218 3636 est
1237 3591 1360 3636 secun·

241 3669 322 3731 dum
340 3667 435 3748 leges
451 3667 569 3730 civiles
585 3677 621 3731 et
637 3668 795 3742 morales,
809 3668 870 3732 sed
886 3667 991 3730 etiam
1007 3667 1086 3748 quia
1101 3675 1156 3730 est
1172 3667 1361 3734 secundum

242 3761 338 3844 leges
357 3761 521 3824 Diuinas':
546 3781 624 3824 nam
648 3763 677 3826 is
698 3762 778 3844 quia
800 3761 844 3825 de
867 3759 1000 3824 Divinis
1018 3761 1153 3842 cogitat
1172 3779 1249 3824 cum
1272 3761 1359 3844 agit,

242 3857 474 3920 communicat
493 3875 570 3920 cum
589 3855 722 3938 angelis
738 3856 847 3934 caeli;
870 3865 907 3920 et
925 3865 1091 3938 quantum
1111 3855 1144 3918 id
1163 3856 1255 3932 lacit,
1275 3876 1360 3922 con-

240 3950 392 4034 jungitur
406 3950 492 4029 illis;
515 3961 552 4015 et
571 3951 619 4014 sic
636 3951 786 4034 aperitur
801 3951 956 4014 internus
974 3950 1046 4031 ejus
1060 3950 1177 4026 homo,
1194 3951 1250 4035 qui
1269 3951 1303 4016 in
1322 3971 1359 4016 se

241 4043 418 4128 spectatus
435 4055 490 4110 est
510 4047 695 4130 spiritualis
711 4045 826 4110 homo.
872 4043 957 4110 Cum
976 4045 1080 4110 homo
1095 4045 1174 4109 talis
1192 4055 1258 4122 est,
1275 4056 1358 4112 tunc

241 4141 429 4223 adoptatur
450 4149 487 4204 et
517 4143 654 4205 ducitur
675 4161 696 4204 a
719 4139 881 4216 Domino,
905 4141 981 4223 ipso
1004 4140 1192 4212 nesciente,
1216 4149 1252 4204 et
1276 4151 1358 4206 tunc

241 4236 409 4298 sincerum
438 4245 475 4300 et
501 4234 643 4317 justum,
662 4256 748 4319 quae
775 4245 856 4299 sunt
886 4233 1025 4300 moralis
1054 4244 1091 4298 et
1120 4234 1230 4298 civilis
1252 4236 1357 4313 vitae,

235 4321 333 4412 'quod
356 4333 441 4412 agit,
461 4352 506 4395 ex
536 4331 702 4414 spirituali
720 4331 853 4412 origine
875 4329 972 4411 agit3
1001 4340 1038 4394 et
1064 4349 1168 4413 agere
1186 4332 1357 4396 sincerum

240 4435 277 4488 et
296 4423 425 4506 justum
444 4445 490 4490 ex
508 4426 676 4509 spirituali
694 4427 838 4508 origine,
859 4435 914 4490 est
936 4425 971 4490 id
993 4445 1097 4508 agere
1120 4446 1165 4492 ex
1188 4427 1264 4510 ipso
1286 4428 1357 4492 sin·

241 4536 321 4582 cero
339 4531 375 4583 et
391 4519 494 4601 justo,
514 4541 574 4585 seu
592 4522 626 4585 id
645 4541 748 4603 agere
772 4541 817 4584 ex
837 4519 950 4584 corde.
994 4519 1134 4602 Justitia
1156 4530 1192 4586 et
1215 4523 1356 4588 sinceri·

240 4623 295 4676 tas
314 4612 385 4696 ejus
403 4615 437 4678 in
456 4626 603 4682 externa
621 4617 729 4682 forma
747 4625 891 4700 apparet
911 4633 1049 4699 prorsus
1066 4616 1186 4682 similis
1201 4616 1356 4700 justitiae
