3368 5356
315 637 687 691 CORRESPONDENTIA
703 637 817 690 CAELI
832 638 912 692 CUM
930 637 1099 690 orimus
1114 639 1310 692 TELLURIS.
1333 626 1373 709 65

258 812 349 897 lpso,
366 815 522 898 procedit
544 815 588 880 ab
611 815 693 899 Ipso
711 835 772 898 per
790 813 907 879 caelos
926 811 1119 876 successive
1141 811 1176 875 in
1199 813 1373 886 mundum.

257 931 296 974 ac
316 910 349 974 in
369 910 497 976 ultimis
512 912 558 976 ibi
577 913 791 976 terminatur.
839 909 937 992 Quae
953 907 1141 972 secundum
1157 908 1311 972 ordinem
1329 911 1374 972 ibi

256 1016 347 1080 sunt,
365 1005 692 1089 correspondentiae
711 1015 801 1070 sunt.
846 1001 1041 1069 Secundum
1057 1003 1212 1066 ordinem
1231 1004 1276 1068 ibi
1295 1015 1373 1068 sunt

168 1145 171 1150 -
256 1102 371 1164 omnia
393 1121 479 1184 quae
503 1101 596 1165 bona
618 1111 654 1166 et
682 1097 832 1184 perietis
855 1108 936 1162 sunt
961 1098 1005 1162 ad
1035 1117 1144 1174 usum,
1169 1117 1249 1162 nam
1273 1117 1375 1162 omne

256 1196 382 1259 bonum
408 1207 464 1259 est
490 1196 620 1259 bonum
644 1196 830 1260 secundum
854 1213 972 1271 usum;
1005 1192 1114 1256 forma
1136 1212 1174 1256 se
1199 1192 1302 1257 refert
1331 1194 1374 1257 ad

255 1307 382 1363 verum,
400 1291 478 1373 quia
494 1309 611 1354 verum
629 1299 684 1352 est
703 1287 812 1353 forma
828 1289 918 1352 boni.
965 1287 1050 1350 Inde
1066 1296 1132 1361 est,
1150 1287 1241 1370 quod
1260 1289 1374 1350 omnia

254 1403 340 1466 quae
367 1385 401 1447 in
424 1385 583 1448 universo
606 1385 735 1448 mundo
765 1404 804 1448 ac
836 1383 870 1446 in
899 1382 1016 1446 mundi
1041 1391 1163 1444 natura
1192 1383 1226 1445 in
1255 1383 1374 1446 ordine

256 1477 381 1542 Divino
400 1487 489 1552 sunt,
510 1499 547 1542 se
566 1479 609 1542 ad
629 1479 757 1544 bonum
777 1488 813 1542 et
832 1495 949 1542 verum
969 1473 1163 1540 referantltl

317 1569 416 1638 ωδ.
446 1570 549 1653 Quod
565 1575 680 1637 omnia
696 1595 783 1656 quae
802 1574 836 1636 in
855 1571 984 1637 mundo
1002 1581 1083 1636 sunt
1101 1593 1147 1636 ex
1166 1571 1292 1636 Divino
1311 1591 1373 1636 ex·

256 1666 374 1740 istant,
395 1685 433 1730 ac
457 1669 643 1732 induantur
666 1669 795 1733 talibus
825 1670 859 1732 in
884 1679 1016 1744 natura,
1037 1687 1098 1750 per
1121 1687 1207 1750 quae
1229 1668 1276 1731 ibi
1299 1688 1374 1732 esse

255 1771 410 1842 possunt,
435 1772 471 1842 et
501 1762 613 1827 lacere
643 1783 751 1840 usum,
782 1774 819 1828 et
848 1763 896 1827 sic
926 1763 1205 1846 correspondere,
1234 1773 1373 1826 constat

254 1855 434 1920 manifeste
458 1877 503 1922 ex
534 1859 677 1940 singulis
701 1879 788 1942 quae
817 1861 852 1922 in
880 1877 991 1940 regno
1014 1868 1087 1921 tam
1110 1856 1248 1920 animali
1271 1877 1372 1940 quam

254 1952 442 2032 vegetabili
462 1964 651 2036 apparent;
683 1956 717 2017 in
742 1964 888 2036 utroque
907 1963 988 2018 sunt
1011 1951 1106 2028 talia,
1126 1973 1214 2035 quac
1231 1955 1373 2036 quisque

253 2046 369 2109 videre
393 2057 522 2128 potest,
547 2049 575 2111 si
598 2069 644 2112 ex
667 2050 821 2113 interiori
845 2049 991 2130 cogitat,
1016 2049 1107 2130 quod
1130 2067 1149 2111 e
1172 2047 1270 2110 caelo
1293 2049 1372 2111 sint.

254 2139 312 2204 Ad
331 2141 597 2208 illustrationem
622 2164 668 2206 ex
692 2142 994 2208 innumerabilibus
1013 2163 1121 2225 pauca
1140 2142 1222 2206 licet
1241 2161 1371 2206 memo·

253 2257 346 2314 rare;
380 2237 435 2302 hic
460 2239 739 2322 primum‘aliqua
769 2241 802 2302 in
834 2240 961 2322 Regno
980 2237 1143 2302 Animali.
1189 2238 1240 2302 lbi
1263 2238 1372 2322 qualis

254 2333 399 2396 scientia
418 2335 514 2416 quasi
538 2335 639 2397 insita
666 2337 711 2398 sit
741 2333 882 2398 cuilibet
910 2334 1060 2408 animali,
1080 2333 1232 2417 pluribus
1251 2343 1371 2398 notum

253 2437 317 2492 est.
362 2426 482 2494 Sciunt
499 2449 582 2511 apes
601 2429 717 2512 legere
734 2429 840 2494 mella
855 2450 900 2493 cx
916 2428 1076 2507 floribus;
1100 2428 1248 2492 condere
1263 2429 1370 2492 cellu-

253 2520 304 2585 las
327 2543 373 2586 ex
392 2543 482 2598 cera,
503 2525 536 2588 in
556 2525 677 2608 quibus
697 2524 801 2588 mella
820 2545 880 2587 sua
900 2524 1102 2598 recondant,
1123 2532 1159 2586 et
1183 2523 1230 2587 sic
1250 2525 1313 2587 sibi
1335 2534 1371 2590 et

252 2619 321 2680 suis
334 2621 527 2702 prospicere
541 2621 618 2683 cibo
630 2621 736 2682 etiam
752 2619 936 2702 profutura
949 2617 1062 2682 hieme
1077 2639 1084 2696 ;
1104 2617 1243 2682 femella
1255 2637 1371 2682 eorum

251 2717 350 2798 ponit
363 2735 440 2790 ova,
455 2717 560 2779 ceteri
574 2717 782 2790 ministrant,
797 2724 833 2779 et
846 2715 1140 2778 circuminducunt
1157 2713 1227 2789 illa,
1241 2724 1278 2778 ut
1291 2715 1371 2778 inde

252 2830 342 2874 nova
353 2831 508 2894 propago
518 2821 680 2874 nascatur
695 2831 702 2890 ;
722 2811 842 2874 vivunt
855 2812 889 2873 in
903 2811 1051 2892 quadam
1065 2809 1238 2891 regiminis
1250 2809 1369 2884 forma,

251 2924 352 2988 quam
369 2925 414 2967 ex
431 2905 535 2968 insito
551 2915 677 2968 norunt
693 2925 814 2968 omnes
830 2905 887 2980 ibi,
899 2905 1001 2968 utiles
1012 2913 1230 2978 conservant,
1244 2924 1284 2968 ac
1297 2905 1370 2967 inu·

251 2999 332 3064 tiles
348 2999 487 3081 ejiciunt
504 3019 543 3064 ac
560 3001 743 3083 deprivant
756 3000 839 3078 alis;
864 3009 1001 3082 praeter
1016 2999 1083 3062 alia
1095 2999 1271 3074 mirabilia,
1284 3019 1371 3082 quae

251 3097 317 3160 illis
340 3118 386 3160 ex
409 3095 508 3160 caelo
529 3105 671 3179 propter
695 3115 812 3174 usum;
839 3115 919 3159 cera
941 3096 1032 3158 enim
1055 3095 1197 3158 inservit
1221 3093 1371 3158 humano

251 3192 368 3274 generi
391 3211 454 3274 pro
478 3191 625 3254 lucernis
652 3193 685 3254 in
710 3199 789 3255 toto
812 3191 906 3265 orbe,
931 3201 967 3254 et
994 3189 1062 3253 mel
1086 3210 1147 3272 pro
1170 3189 1370 3253 condiendis

251 3287 345 3350 cibis.
391 3284 483 3367 Quid
503 3305 572 3349 non
592 3285 630 3350 iit
649 3305 726 3349 cum
746 3285 951 3361 vermiculis,
972 3286 1028 3368 qui
1051 3286 1084 3348 in
1104 3305 1212 3367 regno
1231 3283 1370 3346 animali

249 3381 416 3444 vilissima
439 3381 541 3444 sunt?
586 3379 707 3444 Sciunt
727 3381 776 3444 illi
795 3401 832 3445 se
852 3381 980 3444 nutrire
998 3399 1103 3443 succo
1123 3401 1168 3442 ex
1187 3379 1255 3442 suis
1271 3377 1368 3451 loliis,

250 3487 285 3542 et
308 3485 433 3559 postca
451 3473 577 3541 exacto
596 3485 753 3560 tempore
773 3498 810 3540 se
829 3477 955 3540 circum
972 3475 1131 3540 inducere
1151 3475 1316 3556 tegmine,
1334 3485 1370 3538 et

249 3573 344 3654 quasi
361 3591 489 3654 ponere
503 3573 538 3634 in
557 3581 664 3646 utero,
681 3581 717 3636 et
734 3574 781 3635 sic
799 3571 986 3635 excludere
1003 3570 1135 3661 prolem
1155 3571 1205 3632 sui
1224 3569 1369 3651 generis.

250 3665 399 3747 Quidam
415 3675 597 3730 vertuntur
612 3669 757 3750 primum
776 3669 810 3730 in
830 3665 999 3749 nymphas
1018 3675 1055 3729 et
1074 3665 1309 3746 chrysallides,
1330 3683 1369 3726 ac

249 3759 305 3824 fila
316 3763 519 3844 producunt,
534 3771 569 3826 et
586 3773 666 3845 post
677 3761 897 3826 exantlatum
911 3761 1065 3824 laborem
1076 3767 1287 3824 exornantur
1302 3758 1370 3821 alio

249 3877 403 3938 corpore,
424 3867 460 3921 et
483 3858 714 3940 insigniuntur
732 3858 806 3932 alis,
827 3867 862 3920 et
885 3857 1007 3919 volant
1031 3857 1064 3918 in
1088 3877 1166 3920 aere
1190 3865 1227 3919 ut
1250 3857 1284 3918 in
1307 3873 1369 3916 suo

249 3951 357 4026 caelo,
370 3971 410 4015 ac
421 3951 581 4034 conjugia
591 3952 780 4026 celebrant,
795 3961 928 4034 ponunt
942 3971 1018 4026 ova,
1033 3960 1069 4014 et
1083 3951 1145 4014 sibi
1157 3949 1369 4033 prospiciunt

249 4046 498 4127 posteritatem.
540 4047 680 4110 Praeter
691 4046 755 4110 hos
766 4048 799 4109 in
810 4047 935 4129 specie,
947 4047 1059 4110 sciunt
1071 4045 1104 4108 in
1117 4065 1244 4127 genere
1254 4045 1370 4108 omnia

647 4287 686 4340 (tx
699 4295 798 4328 arcanis
810 4285 975 4338 cumana)

303 4399 344 4468 (k)
415 4399 455 4456 od
468 4398 571 4456 omnis
580 4399 610 4454 in
623 4399 763 4454 universo
773 4407 834 4454 tarn
847 4398 932 4454 caelo
942 4413 1031 4469 quam
1042 4396 1164 4460 mundo,
1174 4411 1252 4468 quae
1263 4413 1370 4454 secun·

250 4470 321 4525 dum
337 4487 373 4526 or
396 4473 474 4526 inem
490 4481 570 4533 sunt,
586 4486 618 4526 se
633 4469 763 4527 referant
778 4471 816 4526 ad
835 4471 947 4526 bonum
967 4479 998 4524 et
1017 4484 1120 4524 verum
1138 4469 1179 4538 (n.
1195 4481 1273 4538 2451,
1290 4468 1368 4540 3166,

250 4539 831 4681 439llt4rlll9co⁵rlilr²nt⁷ilcsallelrllllliusquc,
844 4619 880 4666 ut
891 4609 953 4667 sint
964 4609 1078 4682 aliquid
1091 4609 1133 4680 (n.
1148 4609 1255 4681 10555).
