3368 5356
656 630 754 686 suun
778 627 874 682 raus
891 625 1017 682 casm.
1374 633 1416 700 ²9

197 863 198 866 ,
293 819 333 877 ut
354 807 589 876 inconnexum
612 826 682 873 non
705 805 825 885 detur;
853 805 948 890 quod
971 825 1041 872 non
1059 823 1256 870 connexum
1279 813 1334 874 est
1356 825 1417 889 per

293 903 497 976 intermedia
514 921 591 970 cum
608 902 731 978 Primo,
749 902 814 966 hoc
833 921 897 970 nec
914 899 1082 976 subsistit,
1098 901 1160 966 sed
1176 899 1363 983 dissipatur
1381 910 1417 966 et

292 997 332 1068 fit
349 994 530 1064 nulluml‘ll
997 1013 1002 1024 ·

353 1093 429 1176 38.
453 1091 520 1175 Qui
535 1111 605 1156 non
618 1091 687 1160 scit
702 1091 877 1176 quomodo
892 1111 930 1156 se
946 1089 1052 1156 habet
1065 1111 1142 1156 cum
1159 1090 1278 1156 ordine
1292 1089 1417 1158 Divino

293 1187 407 1272 quoad
428 1187 565 1272 gradus,
586 1207 655 1252 non
677 1207 800 1268 capere
819 1196 938 1268 potest
961 1187 1135 1270 quomodo
1157 1185 1243 1250 caeli
1266 1181 1417 1252 distincti

295 1292 387 1357 sunt,
407 1302 450 1348 ne
473 1281 610 1366 quidem
630 1283 709 1366 quid
729 1283 884 1346 internus
907 1291 945 1348 et
968 1290 1134 1346 externus
1153 1281 1268 1346 homo.
1313 1280 1418 1346 Pleri-

295 1399 361 1460 que
383 1377 417 1442 in
437 1377 567 1442 mundo
585 1397 655 1442 non
673 1376 776 1442 sliam
795 1377 973 1442 notionem
992 1376 1037 1440 de
1059 1377 1276 1440 interioribus
1294 1385 1331 1440 et
1353 1395 1416 1440 ex·

294 1473 474 1538 terioribus
491 1493 550 1538 seu
568 1473 612 1537 de
628 1471 856 1556 superioribus
875 1481 911 1536 et
930 1472 1142 1536 inferioribus
1157 1471 1299 1547 habent,
1316 1489 1417 1554 quam

294 1568 382 1632 sicut
412 1569 455 1632 de
485 1568 651 1634 continuo
680 1576 740 1632 aut
773 1567 816 1630 de
847 1567 1057 1632 cohaerente
1079 1587 1140 1649 per
1162 1567 1362 1632 continuum
1398 1585 1417 1628 a

295 1663 420 1746 puriori
442 1663 487 1728 ad
510 1664 676 1741 crassius;
703 1671 741 1726 at
762 1663 927 1730 interiora
948 1672 985 1728 et
1008 1663 1183 1727 exteriora
1204 1683 1241 1726 se
1265 1681 1333 1726 non
1356 1661 1418 1726 ha·

294 1757 378 1824 bent
394 1759 568 1834 continue,
581 1757 642 1822 sed
659 1758 818 1824 discrete.
863 1757 951 1822 Sunt
961 1757 1108 1840 duplicis
1124 1759 1258 1840 generis
1270 1758 1417 1840 gradum

294 1864 375 1918 sunt
397 1854 525 1936 gradus
548 1853 702 1920 continui
725 1865 761 1922 et
785 1863 865 1918 sunt
884 1855 1010 1936 gradus
1034 1873 1102 1918 non
1123 1853 1287 1918 continui.
1331 1851 1417 1918 Gra·

296 1948 359 2014 dus
381 1949 535 2014 continui
558 1969 595 2014 se
618 1947 749 2016 habent
773 1949 861 2014 sicut
884 1949 1011 2032 gradus
1034 1949 1311 2013 descrescentiae
1334 1947 1418 2012 lucis

295 2064 316 2112 a
338 2040 475 2108 flamma
494 2063 599 2126 usque
618 2043 662 2108 ad
685 2062 783 2108 suum
803 2043 1006 2122 obscurum;
1029 2054 1089 2108 aut
1108 2044 1195 2106 sicut
1212 2043 1338 2124 gradus
1357 2043 1417 2106 de·

295 2140 507 2204 crescentiae
530 2141 621 2204 visus
644 2137 688 2207 ab
711 2138 778 2202 illis
801 2159 887 2222 quae
917 2139 952 2202 in
976 2138 1051 2203 luce
1074 2139 1222 2202 suntad
1251 2137 1310 2202 illa
1332 2158 1418 2220 quae

293 2234 327 2298 in
347 2233 485 2311 umbra;
505 2242 564 2298 aut
581 2234 669 2298 sicut
686 2234 813 2316 gradus
830 2235 988 2315 puritatis
1003 2233 1268 2315 atmosphaerae
1286 2233 1331 2298 ab
1348 2233 1418 2296 imo

295 2328 426 2410 adeius
443 2347 632 2406 summum;
655 2328 841 2394 distantiae
857 2329 1090 2392 determinant
1106 2328 1169 2392 hos
1185 2329 1321 2409 gradus.
1366 2325 1417 2392 At

296 2423 423 2506 gradus
446 2443 515 2486 non
539 2423 691 2490 continui
716 2423 778 2488 sed
805 2423 955 2497 discreti,
981 2423 1204 2488 discriminati
1226 2433 1307 2488 sunt
1330 2423 1418 2488 sicut

295 2519 387 2600 prius
399 2528 435 2582 et
451 2519 630 2601 posterius,
644 2519 732 2582 sicut
745 2537 848 2582 causa
863 2529 900 2585 et
916 2515 1066 2594 effeetus,
1076 2529 1112 2582 et
1125 2519 1213 2582 sicut
1226 2519 1419 2601 producens

295 2621 332 2678 et
345 2610 567 2694 productum:
588 2613 643 2696 qui
654 2613 816 2694 explorat
830 2613 970 2689 videbit,
980 2613 1071 2696 quod
1084 2613 1118 2676 in
1130 2615 1288 2678 omnibus
1299 2624 1336 2678 et
1348 2615 1417 2678 sin-

296 2708 385 2790 gulis
398 2710 431 2772 in
444 2709 603 2774 universo
616 2709 755 2784 mundo,
767 2728 990 2792 quaecunque
1000 2719 1091 2784 sunt.
1102 2709 1193 2773 tales
1202 2712 1329 2792 gradus
1339 2731 1417 2794 pro·

296 2800 466 2868 dudilonis
482 2815 517 2868 et
534 2805 795 2886 compositionis
805 2807 886 2880 sint,
898 2805 988 2888 quod
1003 2824 1127 2888 nempe
1136 2805 1181 2868 ab
1191 2825 1259 2869 uno
1271 2806 1417 2874 alterum

295 2906 333 2964 et
352 2898 396 2962 ab
415 2897 525 2964 altero
542 2901 693 2975 tertium,
710 2908 746 2964 et
766 2901 814 2964 sic
832 2921 943 2982 porro.
990 2898 1056 2981 Qui
1073 2920 1142 2963 non
1158 2903 1416 2984 perceptionem

295 2992 417 3056 horum
430 2995 598 3076 graduum
611 2996 674 3058 sibi
687 3006 876 3078 comparat,
892 3015 1107 3078 nequaquam
1120 3005 1236 3078 potest
1249 2996 1336 3060 scire
1348 2997 1417 3060 dis-

296 3089 438 3152 crimina
456 3089 640 3165 caelorum,
662 3101 697 3156 et
720 3092 917 3155 discrimina
935 3091 1139 3156 facultatum
1158 3093 1358 3157 interiorum
1381 3103 1417 3158 et

297 3185 507 3248 exteriorum
523 3185 680 3262 hominis,
699 3207 761 3250 nec
777 3187 959 3250 discrimen
976 3187 1066 3250 inter
1082 3186 1247 3250 mundum
1260 3189 1418 3270 spiritua·

297 3277 365 3342 lem
388 3289 424 3342 et
449 3281 612 3344 mundum
633 3281 837 3357 naturalem,
860 3303 922 3346 nec
947 3282 1130 3346 discrimen
1154 3283 1243 3346 inter
1262 3284 1417 3366 spiritum

296 3373 444 3438 hominis
460 3385 495 3440 et
512 3397 634 3460 corpus
650 3375 740 3458 ejus;
765 3387 800 3440 et
817 3378 897 3440 inde
914 3397 976 3440 nec
993 3377 1189 3458 intelligere
1206 3387 1321 3459 potest
1337 3379 1418 3462 quid

297 3482 333 3536 et
350 3473 440 3535 unde
456 3472 783 3554 correspondentiae
799 3481 835 3536 et
852 3474 1197 3554 repraesentationes,
1213 3493 1322 3556 neque
1335 3494 1417 3557 qua·

298 3567 339 3631 lis
361 3577 416 3632 est
439 3567 607 3647 influxus;
641 3567 817 3632 sensuales
840 3567 997 3632 homines
1020 3567 1106 3632 haec
1129 3569 1325 3634 discrimina
1348 3589 1417 3635 non

298 3665 448 3745 capiunt,
473 3663 602 3727 iaciunt
626 3664 717 3727 enim
741 3665 951 3728 crescentias
974 3673 1009 3727 et
1033 3663 1289 3728 decrescentias
1311 3666 1417 3728 etiam

298 3758 485 3822 secundum
502 3758 565 3822 hos
581 3758 707 3840 gradus
723 3760 924 3838 continuas3
955 3759 1035 3823 inde
1055 3779 1123 3823 non
1140 3761 1322 3842 concipere
1338 3779 1418 3842 pos·

297 3863 378 3918 sunt
394 3853 569 3936 spirituale
585 3853 685 3918 aliter
700 3873 802 3936 quarn
815 3855 904 3918 sicut
921 3855 1034 3938 purius
1048 3853 1223 3919 naturale:
1247 3875 1417 3941 quaprop-

298 3955 353 4012 ter
369 3949 474 4014 etiam
493 3948 572 4014 soris
591 3957 699 4024 stant,
719 3958 755 4012 et
774 3970 794 4014 e
813 3947 1002 4032 longinquo
1019 3949 1065 4013 ab
1081 3947 1378 4032 intelligentiore

702 4189 1024 4266 (mmmmm)

316 4359 323 4376 ι
353 4291 403 4376 (rt-l
422 4289 512 4364 Quod
530 4293 635 4380 omnia
646 4293 778 4378 existant
797 4310 819 4380 ².
835 4296 984 4380 prloribus
1003 4311 1044 4359 se,
1057 4295 1100 4350 ita
1120 4311 1138 4351 s
1160 4295 1271 4382 Primo.
1284 4295 1417 4382 ecquod

298 4361 1419 4569 {22:3¹¹ttxtnttfflirlltslltss‘tlatttztttttttttl31²4}tf

390 4502 483 4574 ⁶05⁶)·

354 4615 418 4684 (arr)
438 4613 525 4688 Quod
539 4617 877 4676 lnteriorsetexterlora
887 4635 945 4677 non
956 4620 1100 4676 continua
1110 4620 1179 4686 sint.
1190 4621 1243 4678 sed
1253 4619 1418 4678 secundum
