3368 5356
582 669 659 722 nux
682 670 731 720 ur
754 669 881 722 cnuon
906 671 947 721 m
971 671 1108 723 casso.
1344 660 1385 741 83

264 851 300 906 et
319 841 414 905 calor
432 840 553 906 inserui
572 842 628 924 qui
647 861 708 925 per
724 842 839 924 ignem
855 843 1035 926 profanum
1051 851 1087 908 et
1103 842 1325 922 infernalem
1349 852 1386 908 et

263 957 325 1020 per
339 946 520 1020 utrumque
532 937 737 1019 intelligitur
748 955 845 1001 amor
858 960 867 1016 3
888 959 948 1022 per
957 939 1074 1021 ignem
1086 939 1276 1003 caelestem
1289 959 1386 1002 amor

264 1033 298 1095 in
322 1031 507 1096 Dominum
531 1042 567 1098 et
594 1051 692 1096 amor
714 1053 797 1115 erga
819 1035 1025 1116 proximum,
1048 1043 1085 1099 et
1116 1035 1228 1098 omnis
1251 1030 1387 1098 affet'tio

264 1146 351 1210 quae
369 1127 506 1191 illorum
525 1147 701 1207 amorum;
725 1147 765 1190 ac
785 1149 846 1210 per
864 1129 981 1211 ignem
1000 1130 1201 1194 infernalem
1220 1149 1317 1194 amor
1335 1130 1386 1194 sui

264 1231 300 1284 et
316 1242 412 1286 amor
429 1223 555 1299 mundi,
568 1232 604 1286 et
620 1225 732 1286 omnis
745 1226 1026 1307 concupiscentia
1041 1245 1128 1308 quae
1140 1224 1277 1288 illorum
1290 1243 1386 1288 amo·

263 1315 511 1380 mmmm-⁷³1)
557 1317 659 1400 Quod
683 1339 780 1383 amor
801 1321 846 1384 sit
870 1319 966 1384 calor
987 1341 1033 1384 ex
1053 1321 1220 1404 spirituali
1243 1322 1385 1403 origine,

264 1421 363 1495 patet
376 1413 420 1476 ab
436 1413 683 1478 incalescentia
695 1416 882 1480 secundum
895 1435 1048 1480 amorem
1060 1438 1068 1494 3
1088 1417 1283 1481 incenditur
1294 1418 1386 1480 enim

263 1517 300 1572 et
323 1508 503 1574 incalescit
530 1509 635 1574 homo
658 1511 845 1574 secundum
869 1521 1035 1594 quantum
1059 1521 1095 1576 et
1120 1511 1221 1594 quale
1244 1511 1326 1592 ejus,
1351 1521 1387 1575 et

211 1647 216 1656 ,
263 1612 381 1666 aestus
393 1603 464 1686 ejus
477 1605 716 1669 manifestatur
728 1623 804 1669 cum
817 1607 1057 1688 impugnatur;
1081 1607 1161 1670 inde
1173 1627 1308 1690 quoque
1321 1616 1386 1681 est,

264 1699 355 1782 quod
379 1709 557 1782 receptum
589 1701 633 1763 sit
664 1701 788 1776 dicere,
813 1701 960 1774 incendi,
985 1700 1206 1777 incalescere,
1230 1700 1385 1783 flagrare,

266 1794 501 1870 effervescere,
527 1797 717 1878 ignescere,
741 1815 819 1860 cum
849 1797 893 1860 de
923 1794 1160 1861 affedlionibus
1190 1817 1277 1880 quae
1307 1807 1387 1860 sunt

265 1891 392 1954 amoris
408 1891 500 1967 boni,
518 1901 554 1955 et
571 1911 706 1974 quoque
725 1892 768 1954 de
785 1892 1074 1973 concupiscentiis
1090 1911 1178 1974 quae
1193 1901 1274 1956 sunt
1289 1909 1386 1954 amo·

264 1986 309 2049 ris
329 1985 421 2050 mali.

327 2095 423 2163 135.
453 2077 557 2161 Quod
575 2099 672 2144 amor
690 2080 882 2162 procedens
901 2101 922 2144 a
945 2080 1096 2144 Domino
1115 2090 1155 2144 ut
1174 2079 1255 2145 Sole
1274 2081 1386 2145 senti-

264 2186 341 2240 atur
363 2177 397 2238 in
420 2175 518 2239 caelo
548 2185 585 2239 ut
613 2175 718 2250 calor,
739 2185 794 2239 est
824 2177 904 2257 quia
926 2177 1089 2239 interiora
1107 2175 1310 2257 angelorum
1340 2195 1387 2240 ex

265 2271 394 2334 Divino
413 2271 506 2335 bono
525 2271 616 2353 quod
640 2293 660 2334 a
684 2270 835 2334 Domino
858 2273 892 2335 in
911 2291 1028 2334 amore
1046 2281 1146 2350 sunt;
1177 2271 1267 2335 unde
1286 2281 1387 2335 exte·

265 2369 365 2441 riom,
390 2387 477 2449 quae
501 2367 717 2430 incalescunt
741 2367 832 2442 inde,
857 2367 891 2429 in
915 2367 1031 2430 calore
1054 2377 1154 2430 sunt:
1186 2387 1232 2430 ex
1255 2387 1298 2430 eo
1320 2375 1387 2442 est,

265 2463 355 2545 quod
372 2462 406 2524 in
423 2461 521 2525 caelo
533 2462 627 2526 calor
643 2471 678 2524 et
695 2481 792 2525 amor
807 2461 870 2524 sibi
884 2471 1004 2526 mutuo
1020 2463 1069 2525 ita
1081 2461 1386 2544 correspondeant,

266 2567 303 2620 ut
322 2559 463 2640 quisque
481 2557 527 2620 ibi
547 2557 580 2620 in
600 2557 661 2620 tali
678 2557 793 2620 calore
813 2557 869 2632 sit,
887 2557 921 2620 in
940 2557 1033 2639 quali
1051 2577 1179 2633 amore,
1199 2557 1386 2621 secundum

265 2651 324 2715 illa
342 2673 429 2735 quae
446 2672 530 2715 mox
547 2673 648 2735 supra
664 2650 756 2716 dieta
772 2663 863 2716 sunt.
910 2650 1013 2716 Calor
1029 2653 1146 2716 mundi
1162 2671 1300 2734 prorsus
1318 2673 1389 2717 non

265 2747 372 2812 intrat
391 2748 519 2824 caelos,
541 2751 620 2831 quia
639 2749 785 2812 crassior
804 2759 870 2824 est,
891 2768 931 2812 ac
951 2748 1119 2824 naturalis
1142 2760 1179 2812 et
1202 2769 1271 2812 non
1290 2749 1389 2830 spiri·

265 2843 387 2921 tualis;
416 2844 517 2908 aliter
539 2864 621 2906 vero
644 2844 734 2926 apud
764 2843 935 2922 homines,
955 2845 1034 2928 quia
1063 2843 1221 2908 homines
1251 2854 1323 2908 tam
1354 2845 1388 2907 in

265 2938 393 3000 mundo
410 2937 576 3020 spirituali
593 2957 695 3021 quam
715 2940 749 3001 in
768 2939 898 3002 mundo
911 2939 1059 3002 naturali
1079 2950 1159 3003 sunt
1174 2959 1181 3018 ;
1206 2939 1255 3002 illi
1273 2938 1387 3021 quoad

265 3033 422 3115 spiritum
438 3053 535 3098 suum
553 3033 766 3098 incalescunt
781 3052 919 3116 prorsus
937 3034 1126 3098 secundum
1141 3053 1277 3098 amores
1293 3053 1386 3108 suos,

267 3139 304 3192 at
327 3129 440 3211 quoad
464 3148 587 3210 corpus
610 3149 655 3192 ex
678 3137 837 3212 utroque,
862 3137 935 3192 tam
958 3148 1005 3192 ex
1027 3129 1143 3192 calore
1166 3129 1304 3211 spiritus
1326 3129 1389 3205 sui,

268 3243 369 3306 quam
393 3243 438 3288 ex
462 3223 576 3288 calore
600 3225 737 3303 mundi;
772 3223 880 3287 influit
902 3223 960 3287 ille
990 3225 1025 3288 in
1048 3224 1149 3300 hunc,
1174 3225 1252 3306 quia
1275 3244 1388 3288 corre·

267 3320 451 3402 spondent.
498 3320 619 3402 Qualis
642 3320 950 3402 correspondentia
972 3329 1028 3383 est
1055 3321 1230 3400 utriusque
1252 3319 1388 3394 caloris,

265 3424 426 3479 constare
442 3423 560 3496 potest
576 3435 621 3478 ex
637 3414 862 3492 animalibus;
887 3415 979 3496 quod
996 3433 1130 3477 amores
1143 3413 1290 3489 illorum,
1304 3433 1388 3497 quo·

265 3530 339 3574 rum
356 3511 557 3594 praecipuus
573 3520 627 3574 est
647 3509 850 3592 procreandi
867 3509 1023 3574 sobolem
1043 3509 1095 3572 sui
1113 3510 1259 3592 generis,
1277 3529 1389 3572 erum·

266 3616 351 3689 pant
384 3615 420 3670 et
454 3615 641 3688 operentur
667 3606 856 3670 secundum
886 3605 1119 3686 praesentiam
1153 3613 1190 3668 et
1223 3601 1389 3668 affluxum

266 3700 390 3764 caloris
413 3721 458 3764 ex
482 3701 556 3764 sole
576 3701 705 3776 mundi,
726 3702 782 3782 qui
801 3699 896 3763 calor
914 3699 1026 3764 solum
1046 3709 1101 3762 est
1125 3708 1282 3781 tempore
1301 3700 1390 3762 veris

268 3803 303 3860 et
331 3795 486 3859 aestatis.
531 3793 687 3858 Maxime
716 3794 893 3871 falluntur,
917 3794 975 3876 qui
1004 3795 1150 3857 credunt
1180 3793 1272 3876 quod
1296 3793 1390 3857 calor

267 3890 384 3953 mundi
406 3889 550 3953 influens
569 3891 703 3953 excitet
726 3907 881 3968 amores;
915 3907 985 3951 non
1008 3889 1100 3952 enim
1123 3889 1225 3952 datur
1242 3887 1391 3952 influxus

266 3985 433 4048 naturalis
455 3985 489 4047 in
509 3985 698 4066 spirituale,
719 3985 780 4048 sed
800 3983 986 4066 spiritualis
1009 3984 1043 4046 in
1062 3983 1239 4046 naturale:
1263 3982 1318 4046 hic
1337 3983 1389 4045 in·

266 4079 377 4144 fluxus
400 4101 446 4146 ex
469 4081 589 4144 ordine
616 4079 743 4144 Divino
774 4089 838 4157 est,
859 4079 917 4144 ille
947 4087 1062 4143 autem
1093 4087 1214 4143 contra
1232 4079 1389 4142 ordinem

267 4172 490 4240 Divinum(m

667 4377 706 4430 (ιι
719 4387 816 4418 uenum
828 4376 992 4430 cnam)

322 4457 500 4544 (pm'Quod
514 4459 644 4544 influxus
656 4458 819 4544 spiritualis
834 4459 882 4522 sit,
895 4469 927 4514 et
939 4474 1000 4513 non
1016 4457 1173 4530 physicus;
1192 4457 1330 4544 itaquod
1343 4457 1392 4544 ¹in-

268 4529 367 4585 fluxus
379 4541 420 4586 ert
431 4547 449 4586 e
461 4529 609 4602 spirituali
620 4531 734 4586 mundo
747 4547 777 4586 in
788 4531 964 4592 naturalem,
974 4539 1005 4584 et
1016 4545 1076 4584 non
1090 4545 1106 4584 e
1120 4531 1246 4586 naturali
1261 4547 1291 4584 in
1305 4545 1392 4600 spin-

268 4601 381 4742 ffip
398 4603 438 4672 (2,
452 4617 531 4672 5229,
547 4615 622 4672 5229,
638 4615 714 4674 5259,
729 4614 805 4672 5427,
818 4599 894 4670 5428,
907 4599 1391 4674 547⁷.⁶32229¹¹0lia¹09129¹¹¹li
