3408 5358
291 637 352 684 212
613 635 664 686 DE
687 635 813 686 CAELO
836 635 884 688 ET
907 635 1099 690 INFERNO.'

289 813 326 869 et
349 813 430 870 tunc
447 805 557 870 credit
577 805 747 882 Divinum,
765 823 841 870 cum
859 805 935 872 vult
951 807 1029 872 duci
1050 827 1072 878 a
1090 806 1236 874 Divino:
1268 810 1317 874 ita
1339 829 1408 873 non

290 897 391 963 aliter
406 901 603 981 aperiuntur
618 901 780 964 interiora
795 899 953 965 hominis.
999 902 1117 967 Homo
1139 905 1196 986 qui
1213 904 1247 968 in
1264 903 1325 968 illa
1342 899 1408 968 fide

290 1002 355 1068 est,
372 1004 409 1058 et
424 996 457 1057 in
474 993 546 1057 vita
561 993 749 1056 seeundum
765 993 877 1070 fidem,
895 995 953 1059 ille
969 996 1002 1059 in
1019 999 1177 1080 potentia
1192 1009 1228 1062 et
1243 997 1409 1062 facultate

289 1087 506 1170 intelligendi
521 1097 558 1152 et
574 1087 729 1170 sapiendi
744 1097 818 1152 est:
843 1089 905 1152 sed
922 1100 960 1153 ut
975 1087 1035 1154 fiat
1051 1092 1250 1174 intelligens
1265 1101 1302 1155 et
1317 1092 1408 1173 sapi·

289 1201 361 1258 ens,
374 1193 513 1266 oportet
525 1184 704 1248 addiscere
713 1183 832 1258 multa,
844 1203 913 1247 non
925 1185 1036 1249 solum
1049 1207 1135 1270 quae
1147 1187 1235 1251 caeli
1245 1195 1336 1262 sunt,
1347 1185 1408 1250 sed

289 1279 394 1341 etiam
410 1299 496 1361 quae
512 1279 649 1357 mundi;
672 1299 759 1361 quae
775 1277 861 1342 caeli
880 1290 960 1344 sunt
979 1301 1025 1344 ex
1041 1280 1160 1345 Verbo
1178 1291 1215 1345 et
1233 1280 1278 1344 ab
1295 1279 1407 1344 eccle·

289 1373 349 1448 sia,
366 1383 402 1436 et
418 1395 504 1456 quae
518 1375 633 1438 mundi
645 1383 725 1437 sunt
740 1393 787 1436 ex
802 1374 975 1454 scientiis3
998 1387 1164 1459 quantum
1177 1375 1282 1440 homo
1293 1375 1407 1439 addis·

289 1467 337 1531 cit
353 1478 388 1532 et
404 1469 554 1552 applicat
570 1469 672 1544 vitae,
689 1478 826 1532 tantum
842 1467 880 1532 fit
896 1467 1097 1552 intelligens
1112 1481 1148 1534 et
1164 1471 1311 1553 sapiens,
1328 1489 1408 1533 nam

289 1571 425 1626 tantum
447 1564 539 1626 visus
562 1565 704 1627 interior
727 1563 783 1646 qui
814 1571 867 1626 est
890 1563 961 1652 ejus
983 1563 1191 1641 intelletius,
1215 1575 1252 1629 et
1274 1561 1408 1628 affeetio

289 1657 429 1720 interior
451 1678 537 1740 quae
559 1667 614 1722 est
636 1657 706 1738 ejus
729 1657 930 1733 voluntatis,
955 1657 1183 1739 perficiuntur.
1228 1657 1408 1741 Simplices

289 1769 335 1815 ex
354 1752 419 1815 hoc
439 1772 564 1834 genere
584 1763 663 1816 sunt
681 1751 804 1835 quibus
822 1752 985 1816 interiora
1003 1765 1125 1836 aperta
1143 1763 1234 1830 sunt,
1254 1754 1315 1816 sed
1338 1773 1407 1817 non

288 1847 338 1911 ita
350 1867 410 1928 per
421 1867 501 1910 vera
511 1847 708 1929 spiritualia,
720 1846 873 1924 moralia,
885 1848 997 1912 civilia
1009 1857 1045 1910 et
1058 1849 1236 1924 naturalia,
1247 1847 1388 1912 exculta
1399 1869 1407 1926 ;

288 1939 324 2004 hi
342 1942 533 2024 percipiunt
549 1961 630 2005 vera
649 1961 727 2005 cum
746 1941 805 2004 illa
823 1943 976 2017 audiunt,
994 1941 1055 2004 sed
1074 1961 1143 2005 non
1160 1943 1280 2007 vident
1298 1941 1357 2006 illa
1374 1943 1408 2006 in

289 2055 349 2114 se;
373 2037 548 2117 sapientes
567 2045 683 2099 autem
702 2057 748 2099 ex
766 2035 832 2098 hoc
852 2055 978 2118 genere
997 2045 1087 2112 sunt,
1107 2037 1228 2118 quibus
1246 2037 1409 2100 interiora

289 2151 358 2194 non
377 2131 481 2193 modo
496 2140 618 2211 aperta
635 2139 726 2204 sunt,
743 2131 805 2194 sed
820 2132 926 2195 etiam
942 2129 1104 2209 exculta3
1128 2131 1163 2194 hi
1181 2139 1216 2194 et
1234 2121 1354 2195 vident
1373 2133 1407 2195 in

288 2247 325 2290 se
343 2247 424 2290 vera
442 2236 478 2294 et
497 2226 688 2308 percipiunt
706 2225 775 2288 illa.
820 2225 877 2288 Ex
896 2225 948 2288 his
965 2234 1074 2308 patet,
1089 2226 1168 2308 quid
1184 2245 1265 2289 vera
1279 2225 1408 2290 intelli·

289 2323 410 2403 gentia
429 2331 464 2384 et
484 2321 664 2402 sapientia.
1014 2397 1017 2404 Δ
1174 2348 1178 2357 ·

238 2467 240 2470 .
351 2430 447 2498 352.
478 2413 598 2496 Spuria
616 2414 849 2497 intelligentia
871 2423 908 2480 et
930 2414 1101 2497 sapientia
1123 2423 1178 2478 est
1201 2435 1270 2480 non
1293 2416 1409 2482 videre

288 2522 324 2574 et
337 2512 510 2592 percipere
522 2509 602 2592 quid
612 2529 729 2572 verum
742 2519 778 2573 et
791 2510 930 2584 bonum,
943 2529 982 2572 ac
995 2509 1074 2572 inde
1085 2509 1207 2573 salsum
1221 2519 1256 2572 et
1269 2510 1407 2587 malum,

289 2627 334 2669 ex
364 2605 527 2678 interiori,
550 2605 613 2668 sed
645 2604 749 2666 modo
772 2604 912 2667 credere
941 2604 976 2666 id
1006 2623 1122 2666 verum
1147 2613 1184 2668 et
1210 2605 1348 2680 bonum,
1369 2625 1408 2669 ac

287 2699 410 2764 salsum
432 2709 469 2762 et
491 2699 620 2762 malum
643 2717 730 2773 esse,
750 2698 841 2781 quod
869 2697 913 2760 ab
942 2697 1017 2760 aliis
1044 2697 1180 2774 dicitur,
1204 2707 1241 2762 et
1270 2699 1350 2762 dein
1374 2700 1408 2764 id
1499 2771 1502 2776 ,

289 2793 499 2859 confirmare.
544 2792 599 2856 Illi
621 2793 699 2874 quia
721 2811 790 2858 non
809 2790 929 2855 vident
948 2810 1065 2854 verum
1089 2813 1135 2855 ex
1165 2813 1258 2868 vero,
1278 2794 1339 2856 sed
1362 2814 1408 2857 ex

289 2889 367 2964 alio,
388 2909 496 2970 aeque
519 2896 664 2969 possunt
683 2887 831 2968 arripere
853 2895 890 2950 et
913 2887 1053 2950 credere
1070 2886 1193 2950 salsum
1216 2907 1256 2951 ac
1279 2907 1407 2964 verum,

258 3015 261 3022 ·
288 2995 324 3047 et
340 3003 474 3066 quoque
490 2979 690 3046 confirmare
706 2979 790 3043 illud
806 3001 912 3063 usque
929 2991 967 3050 ut
985 2992 1151 3062 appareat
1167 2983 1256 3045 sicut
1271 3001 1408 3059 verum;

210 3073 211 3076 ’
289 3077 447 3160 quicquid
478 3077 568 3139 enim
598 3073 829 3150 confirmatur,
854 3075 962 3139 induit
986 3077 1225 3156 apparentiam
1248 3076 1342 3154 veri;
1372 3085 1409 3140 et

289 3171 372 3235 nihil
396 3180 449 3234 est
479 3169 571 3254 quod
602 3189 672 3233 non
695 3169 888 3233 confirmari
917 3180 1046 3253 potest.
1092 3169 1225 3232 Horum
1248 3169 1410 3234 interiora

289 3286 359 3330 non
379 3275 500 3346 aperta
522 3274 603 3328 sunt
627 3265 689 3327 nisi
713 3263 757 3327 ab
780 3262 875 3340 inira,
900 3264 961 3327 sed
984 3264 1160 3327 exteriora
1183 3273 1349 3346 quantum
1372 3285 1409 3329 se

285 3357 578 3425 'confirmaverunt
591 3379 599 3437 3
622 3379 725 3442 quare
738 3357 799 3421 lux
811 3378 855 3420 ex
869 3378 936 3442 qua
944 3357 1077 3432 vident,
1092 3377 1160 3420 non
1174 3367 1227 3421 est
1238 3357 1298 3420 lux
1311 3358 1408 3434 caeli,

289 3457 350 3519 sed
374 3463 428 3519 est
451 3453 511 3516 lux
535 3453 663 3528 mundi,
683 3473 770 3536 quae
789 3451 904 3515 lumen
924 3451 1082 3516 naturale
1098 3461 1263 3516 vocatur:
1295 3451 1329 3514 in
1345 3451 1409 3517 hac

288 3551 379 3616 enim
392 3550 468 3614 luce
478 3544 717 3632 possuntl'alsa
730 3547 843 3611 lucere
855 3557 891 3610 ut
903 3567 993 3624 vera,
1005 3548 1110 3611 immo
1121 3566 1198 3610 cum
1209 3545 1410 3611 confirmata

289 3653 381 3721 sunt,
401 3653 547 3726 possunt
565 3641 818 3724 splendescere,
839 3661 908 3704 non
927 3651 1043 3706 autem
1063 3643 1097 3705 in
1115 3641 1192 3705 luce
1210 3641 1307 3705 caeli.
1351 3641 1408 3706 Ex

288 3739 355 3802 hoc
378 3759 506 3820 genere
524 3739 636 3801 minus
655 3735 893 3819 intelligentes
915 3745 952 3801 et
975 3738 1150 3819 sapientes
1167 3745 1248 3802 sunt
1267 3733 1350 3818 ¹¹¹qui
1372 3755 1410 3799 se

289 3833 435 3896 multum
448 3831 745 3908 confirmaverunt,
763 3840 800 3894 at
814 3831 923 3913 magis
935 3830 1175 3912 intelligentes
1186 3840 1222 3894 et
1236 3831 1410 3912 sapientes

289 3929 345 4010 qui
367 3947 404 3990 se
423 3945 552 4009 parum.
597 3925 654 3989 Ex
677 3927 729 3989 his
748 3935 858 4008 patet,
879 3925 960 4010 quid
983 3926 1097 4008 spuria
1116 3925 1350 4006 intelligentia
1372 3933 1409 3988 et

289 4023 468 4104 sapientia.
515 4019 583 4084 Sed
599 4041 646 4084 ex
662 4020 727 4084 hoc
744 4039 871 4104 genere
887 4039 957 4085 non
973 4030 1053 4084 sunt
1070 4019 1130 4095 illi,
1145 4019 1201 4102 qui
1216 4019 1250 4082 in
1266 4017 1410 4100 pueritia

289 4125 553 4181 autumaverunt
571 4135 653 4180 vera
670 4137 746 4180 esse
765 4136 852 4199 quae
870 4137 890 4178 a
909 4117 1083 4199 magistris
1100 4114 1314 4188 audiverunt,
1332 4112 1408 4176 siin

285 4209 478 4292 juventute,
502 4212 640 4294 quando
669 4232 713 4276 ex
747 4231 809 4274 suo
839 4207 1017 4274 intellet'tu
1047 4209 1220 4292 cogitant,
1243 4227 1313 4270 non
1343 4205 1410 4269 illis

289 4305 480 4382 inhaerent,
498 4307 558 4370 sed
574 4306 771 4370 desiderant
789 4324 917 4382 verum,
933 4313 971 4370 et
990 4325 1036 4368 ex
1052 4305 1221 4368 desiderio
1237 4301 1409 4383 inquirunt

286 4399 383 4476 illud,
404 4411 439 4465 et
458 4421 535 4466 cum
554 4402 745 4477 inveniunt,
763 4399 904 4464 interius
921 4399 1132 4464 afficiuntur:
1156 4399 1191 4462 hi
1211 4399 1289 4481 quia
1304 4393 1409 4459 affici·

289 4505 391 4558 untur
414 4517 495 4560 vero
518 4506 659 4580 propter
681 4514 811 4570 verum,
835 4495 954 4560 vident
977 4513 1095 4559 verum
1115 4503 1301 4576 antequam
1326 4509 1407 4553 con·
