<?xml version="1.0" encoding="UTF-8"?>
<!DOCTYPE html PUBLIC "-//W3C//DTD XHTML 1.0 Transitional//EN"
    "http://www.w3.org/TR/xhtml1/DTD/xhtml1-transitional.dtd">
<html xmlns="http://www.w3.org/1999/xhtml" xml:lang="en" lang="en">
 <head>
  <title>
</title>
<meta http-equiv="Content-Type" content="text/html;charset=utf-8" />
  <meta name='ocr-system' content='tesseract 3.04.00' />
  <meta name='ocr-capabilities' content='ocr_page ocr_carea ocr_par ocr_line ocrx_word'/>
</head>
<body>
  <div class='ocr_page' id='page_1' title='image "./decaeloetejusmi00swedgoog_0300.png"; bbox 0 0 3408 5358; ppageno 0'>
   <div class='ocr_carea' id='block_1_1' title="bbox 318 717 1391 788">
    <p class='ocr_par' dir='ltr' id='par_1_1' title="bbox 318 717 1391 788">
     <span class='ocr_line' id='line_1_1' title="bbox 318 717 1391 788; baseline -0.007 -13"><span class='ocrx_word' id='word_1_1' title='bbox 318 721 431 775; x_wconf 67' lang='lat' dir='ltr'><strong>{totto</strong></span> <span class='ocrx_word' id='word_1_2' title='bbox 448 723 516 774; x_wconf 82' lang='lat' dir='ltr'><strong>EST</strong></span> <span class='ocrx_word' id='word_1_3' title='bbox 532 721 623 773; x_wconf 73' lang='lat' dir='ltr'><strong>Post</strong></span> <span class='ocrx_word' id='word_1_4' title='bbox 639 720 803 772; x_wconf 67' lang='lat' dir='ltr'><strong>HOR&#39;l&#39;EM</strong></span> <span class='ocrx_word' id='word_1_5' title='bbox 820 719 958 784; x_wconf 81' lang='lat' dir='ltr'>QUALIS</span> <span class='ocrx_word' id='word_1_6' title='bbox 974 719 1060 785; x_wconf 75' lang='lat' dir='ltr'><strong>Ejus</strong></span> <span class='ocrx_word' id='word_1_7' title='bbox 1075 719 1167 769; x_wconf 80' lang='lat' dir='ltr'>VITA</span> <span class='ocrx_word' id='word_1_8' title='bbox 1184 717 1283 770; x_wconf 82' lang='lat' dir='ltr'>FUIT.</span> <span class='ocrx_word' id='word_1_9' title='bbox 1329 719 1391 788; x_wconf 74' lang='lat'><strong>293</strong></span> 
     </span>
    </p>
   </div>
   <div class='ocr_carea' id='block_1_2' title="bbox 258 885 1391 3166">
    <p class='ocr_par' dir='ltr' id='par_1_2' title="bbox 258 885 1391 3166">
     <span class='ocr_line' id='line_1_2' title="bbox 305 885 1391 978; baseline -0.005 -21"><span class='ocrx_word' id='word_1_10' title='bbox 305 887 428 978; x_wconf 77' lang='lat'><strong>⁵469.</strong></span> <span class='ocrx_word' id='word_1_11' title='bbox 458 889 606 975; x_wconf 76' lang='lat' dir='ltr'>Spiritus</span> <span class='ocrx_word' id='word_1_12' title='bbox 621 900 658 955; x_wconf 89' lang='lat' dir='ltr'><strong>et</strong></span> <span class='ocrx_word' id='word_1_13' title='bbox 676 889 793 972; x_wconf 83' lang='lat' dir='ltr'><strong>angeli</strong></span> <span class='ocrx_word' id='word_1_14' title='bbox 808 909 917 972; x_wconf 89' lang='lat' dir='ltr'><strong>aeque</strong></span> <span class='ocrx_word' id='word_1_15' title='bbox 933 888 1134 952; x_wconf 86' lang='lat' dir='ltr'>memoriam</span> <span class='ocrx_word' id='word_1_16' title='bbox 1150 886 1281 951; x_wconf 89' lang='lat' dir='ltr'><strong>habent</strong></span> <span class='ocrx_word' id='word_1_17' title='bbox 1299 885 1391 952; x_wconf 85' lang='lat' dir='ltr'><strong>sicut</strong></span> 
     </span>
     <span class='ocr_line' id='line_1_3' title="bbox 261 983 1391 1070; baseline -0.004 -19"><span class='ocrx_word' id='word_1_18' title='bbox 261 987 440 1066; x_wconf 81' lang='lat' dir='ltr'><strong>homines3</strong></span> <span class='ocrx_word' id='word_1_19' title='bbox 464 995 646 1070; x_wconf 88' lang='lat' dir='ltr'><strong>permanet</strong></span> <span class='ocrx_word' id='word_1_20' title='bbox 664 986 756 1050; x_wconf 90' lang='lat' dir='ltr'><strong>enim</strong></span> <span class='ocrx_word' id='word_1_21' title='bbox 775 984 866 1066; x_wconf 89' lang='lat' dir='ltr'><strong>apud</strong></span> <span class='ocrx_word' id='word_1_22' title='bbox 885 983 964 1048; x_wconf 86' lang='lat' dir='ltr'><strong>illos</strong></span> <span class='ocrx_word' id='word_1_23' title='bbox 982 984 1142 1067; x_wconf 90' lang='lat' dir='ltr'><strong>quicquid</strong></span> <span class='ocrx_word' id='word_1_24' title='bbox 1161 983 1319 1060; x_wconf 87' lang='lat' dir='ltr'><strong>audiunt,</strong></span> <span class='ocrx_word' id='word_1_25' title='bbox 1337 983 1391 1046; x_wconf 86' lang='lat' dir='ltr'><strong>vi·</strong></span> 
     </span>
     <span class='ocr_line' id='line_1_4' title="bbox 261 1079 1389 1164; baseline -0.001 -18"><span class='ocrx_word' id='word_1_26' title='bbox 261 1083 358 1158; x_wconf 87' lang='lat' dir='ltr'><strong>dent,</strong></span> <span class='ocrx_word' id='word_1_27' title='bbox 378 1083 549 1164; x_wconf 84' lang='lat' dir='ltr'><strong>cogitant,</strong></span> <span class='ocrx_word' id='word_1_28' title='bbox 569 1079 703 1158; x_wconf 91' lang='lat' dir='ltr'><strong>volunt,</strong></span> <span class='ocrx_word' id='word_1_29' title='bbox 722 1089 759 1144; x_wconf 91' lang='lat' dir='ltr'><strong>et</strong></span> <span class='ocrx_word' id='word_1_30' title='bbox 778 1079 918 1155; x_wconf 85' lang='lat' dir='ltr'><strong>iaciunt,</strong></span> <span class='ocrx_word' id='word_1_31' title='bbox 939 1087 975 1143; x_wconf 90' lang='lat' dir='ltr'><strong>et</strong></span> <span class='ocrx_word' id='word_1_32' title='bbox 993 1098 1129 1162; x_wconf 89' lang='lat' dir='ltr'><strong>quoque</strong></span> <span class='ocrx_word' id='word_1_33' title='bbox 1148 1098 1210 1161; x_wconf 90' lang='lat' dir='ltr'><strong>per</strong></span> <span class='ocrx_word' id='word_1_34' title='bbox 1226 1080 1261 1142; x_wconf 93' lang='lat' dir='ltr'><strong>id</strong></span> <span class='ocrx_word' id='word_1_35' title='bbox 1280 1099 1389 1146; x_wconf 83' lang='lat' dir='ltr'><strong>exco-</strong></span> 
     </span>
     <span class='ocr_line' id='line_1_5' title="bbox 262 1173 1388 1250; baseline 0 -10"><span class='ocrx_word' id='word_1_36' title='bbox 262 1177 343 1242; x_wconf 88' lang='lat' dir='ltr'><strong>litur</strong></span> <span class='ocrx_word' id='word_1_37' title='bbox 361 1179 526 1242; x_wconf 79' lang='lat' dir='ltr'>continue</span> <span class='ocrx_word' id='word_1_38' title='bbox 545 1175 716 1240; x_wconf 79' lang='lat' dir='ltr'>rationale</span> <span class='ocrx_word' id='word_1_39' title='bbox 734 1194 863 1250; x_wconf 88' lang='lat' dir='ltr'><strong>eorum,</strong></span> <span class='ocrx_word' id='word_1_40' title='bbox 884 1183 920 1238; x_wconf 91' lang='lat' dir='ltr'><strong>et</strong></span> <span class='ocrx_word' id='word_1_41' title='bbox 943 1173 1062 1239; x_wconf 90' lang='lat' dir='ltr'><strong>hocin</strong></span> <span class='ocrx_word' id='word_1_42' title='bbox 1082 1183 1282 1240; x_wconf 89' lang='lat' dir='ltr'><strong>aeternum:</strong></span> <span class='ocrx_word' id='word_1_43' title='bbox 1307 1175 1388 1240; x_wconf 89' lang='lat' dir='ltr'><strong>inde</strong></span> 
     </span>
     <span class='ocr_line' id='line_1_6' title="bbox 262 1267 1389 1355; baseline 0 -20"><span class='ocrx_word' id='word_1_44' title='bbox 262 1281 318 1337; x_wconf 86' lang='lat' dir='ltr'><strong>est</strong></span> <span class='ocrx_word' id='word_1_45' title='bbox 347 1271 440 1355; x_wconf 91' lang='lat' dir='ltr'><strong>quod</strong></span> <span class='ocrx_word' id='word_1_46' title='bbox 463 1271 603 1354; x_wconf 86' lang='lat' dir='ltr'><strong>spiritus</strong></span> <span class='ocrx_word' id='word_1_47' title='bbox 631 1279 668 1334; x_wconf 89' lang='lat' dir='ltr'><strong>et</strong></span> <span class='ocrx_word' id='word_1_48' title='bbox 698 1269 814 1352; x_wconf 84' lang='lat' dir='ltr'>angeli</span> <span class='ocrx_word' id='word_1_49' title='bbox 842 1267 1062 1351; x_wconf 85' lang='lat' dir='ltr'><strong>perficiantur</strong></span> <span class='ocrx_word' id='word_1_50' title='bbox 1087 1268 1323 1352; x_wconf 81' lang='lat' dir='ltr'><strong>intelligentia</strong></span> <span class='ocrx_word' id='word_1_51' title='bbox 1352 1279 1389 1335; x_wconf 87' lang='lat' dir='ltr'><strong>et</strong></span> 
     </span>
     <span class='ocr_line' id='line_1_7' title="bbox 260 1363 1388 1449; baseline -0.004 -19"><span class='ocrx_word' id='word_1_52' title='bbox 260 1367 433 1449; x_wconf 81' lang='lat' dir='ltr'><strong>sapientia</strong></span> <span class='ocrx_word' id='word_1_53' title='bbox 451 1383 512 1448; x_wconf 88' lang='lat' dir='ltr'><strong>per</strong></span> <span class='ocrx_word' id='word_1_54' title='bbox 529 1365 750 1446; x_wconf 80' lang='lat' dir='ltr'><strong>cognitiones</strong></span> <span class='ocrx_word' id='word_1_55' title='bbox 768 1365 839 1428; x_wconf 89' lang='lat' dir='ltr'><strong>veri</strong></span> <span class='ocrx_word' id='word_1_56' title='bbox 862 1373 898 1428; x_wconf 91' lang='lat' dir='ltr'><strong>et</strong></span> <span class='ocrx_word' id='word_1_57' title='bbox 921 1363 1004 1427; x_wconf 91' lang='lat' dir='ltr'><strong>boni</strong></span> <span class='ocrx_word' id='word_1_58' title='bbox 1022 1383 1132 1447; x_wconf 86' lang='lat' dir='ltr'><strong>aeque</strong></span> <span class='ocrx_word' id='word_1_59' title='bbox 1154 1383 1196 1428; x_wconf 90' lang='lat' dir='ltr'><strong>ac</strong></span> <span class='ocrx_word' id='word_1_60' title='bbox 1219 1363 1388 1429; x_wconf 88' lang='lat' dir='ltr'><strong>homines.</strong></span> 
     </span>
     <span class='ocr_line' id='line_1_8' title="bbox 261 1457 1389 1545; baseline -0.004 -19"><span class='ocrx_word' id='word_1_61' title='bbox 261 1461 364 1545; x_wconf 88' lang='lat' dir='ltr'><strong>Quod</strong></span> <span class='ocrx_word' id='word_1_62' title='bbox 384 1461 560 1544; x_wconf 87' lang='lat' dir='ltr'><strong>spiritibus</strong></span> <span class='ocrx_word' id='word_1_63' title='bbox 577 1469 614 1524; x_wconf 90' lang='lat' dir='ltr'><strong>et</strong></span> <span class='ocrx_word' id='word_1_64' title='bbox 636 1459 772 1542; x_wconf 83' lang='lat' dir='ltr'><strong>angelis</strong></span> <span class='ocrx_word' id='word_1_65' title='bbox 790 1459 956 1523; x_wconf 91' lang='lat' dir='ltr'><strong>memoria</strong></span> <span class='ocrx_word' id='word_1_66' title='bbox 973 1459 1030 1536; x_wconf 90' lang='lat' dir='ltr'><strong>sit,</strong></span> <span class='ocrx_word' id='word_1_67' title='bbox 1050 1460 1158 1522; x_wconf 89' lang='lat' dir='ltr'><strong>etiam</strong></span> <span class='ocrx_word' id='word_1_68' title='bbox 1176 1478 1237 1540; x_wconf 89' lang='lat' dir='ltr'><strong>per</strong></span> <span class='ocrx_word' id='word_1_69' title='bbox 1255 1457 1389 1542; x_wconf 86' lang='lat' dir='ltr'><strong>plurem</strong></span> 
     </span>
     <span class='ocr_line' id='line_1_9' title="bbox 262 1556 1388 1643; baseline -0.004 -19"><span class='ocrx_word' id='word_1_70' title='bbox 262 1559 513 1643; x_wconf 85' lang='lat' dir='ltr'><strong>experientiam</strong></span> <span class='ocrx_word' id='word_1_71' title='bbox 532 1557 614 1620; x_wconf 90' lang='lat' dir='ltr'><strong>mihi</strong></span> <span class='ocrx_word' id='word_1_72' title='bbox 644 1557 732 1621; x_wconf 89' lang='lat' dir='ltr'><strong>scire</strong></span> <span class='ocrx_word' id='word_1_73' title='bbox 750 1557 871 1620; x_wconf 92' lang='lat' dir='ltr'><strong>datum</strong></span> <span class='ocrx_word' id='word_1_74' title='bbox 894 1565 969 1620; x_wconf 87' lang='lat' dir='ltr'><strong>est:</strong></span> <span class='ocrx_word' id='word_1_75' title='bbox 1005 1557 1075 1620; x_wconf 91' lang='lat' dir='ltr'><strong>vidi</strong></span> <span class='ocrx_word' id='word_1_76' title='bbox 1098 1557 1190 1620; x_wconf 91' lang='lat' dir='ltr'><strong>enim</strong></span> <span class='ocrx_word' id='word_1_77' title='bbox 1217 1556 1310 1640; x_wconf 93' lang='lat' dir='ltr'><strong>quod</strong></span> <span class='ocrx_word' id='word_1_78' title='bbox 1342 1576 1388 1621; x_wconf 86' lang='lat' dir='ltr'><strong>ex</strong></span> 
     </span>
     <span class='ocr_line' id='line_1_10' title="bbox 261 1656 1388 1738; baseline -0.003 -16"><span class='ocrx_word' id='word_1_79' title='bbox 261 1657 399 1722; x_wconf 87' lang='lat' dir='ltr'><strong>illorum</strong></span> <span class='ocrx_word' id='word_1_80' title='bbox 417 1657 584 1720; x_wconf 90' lang='lat' dir='ltr'><strong>memoria</strong></span> <span class='ocrx_word' id='word_1_81' title='bbox 602 1669 832 1721; x_wconf 83' lang='lat' dir='ltr'><strong>evocarentur</strong></span> <span class='ocrx_word' id='word_1_82' title='bbox 849 1657 965 1720; x_wconf 90' lang='lat' dir='ltr'><strong>omnia</strong></span> <span class='ocrx_word' id='word_1_83' title='bbox 983 1675 1072 1738; x_wconf 90' lang='lat' dir='ltr'><strong>quae</strong></span> <span class='ocrx_word' id='word_1_84' title='bbox 1090 1656 1332 1736; x_wconf 87' lang='lat' dir='ltr'><strong>cogitaverunt</strong></span> <span class='ocrx_word' id='word_1_85' title='bbox 1351 1665 1388 1720; x_wconf 89' lang='lat' dir='ltr'><strong>et</strong></span> 
     </span>
     <span class='ocr_line' id='line_1_11' title="bbox 263 1750 1387 1835; baseline -0.002 -18"><span class='ocrx_word' id='word_1_86' title='bbox 263 1752 427 1829; x_wconf 87' lang='lat' dir='ltr'><strong>iecerunt,</strong></span> <span class='ocrx_word' id='word_1_87' title='bbox 446 1760 519 1816; x_wconf 88' lang='lat' dir='ltr'><strong>tam</strong></span> <span class='ocrx_word' id='word_1_88' title='bbox 541 1751 575 1815; x_wconf 91' lang='lat' dir='ltr'><strong>in</strong></span> <span class='ocrx_word' id='word_1_89' title='bbox 594 1751 780 1835; x_wconf 91' lang='lat' dir='ltr'><strong>propatulo</strong></span> <span class='ocrx_word' id='word_1_90' title='bbox 798 1769 899 1835; x_wconf 90' lang='lat' dir='ltr'><strong>quam</strong></span> <span class='ocrx_word' id='word_1_91' title='bbox 923 1751 957 1814; x_wconf 93' lang='lat' dir='ltr'><strong>in</strong></span> <span class='ocrx_word' id='word_1_92' title='bbox 976 1750 1195 1825; x_wconf 87' lang='lat' dir='ltr'><strong>abscondito,</strong></span> <span class='ocrx_word' id='word_1_93' title='bbox 1215 1769 1293 1813; x_wconf 92' lang='lat' dir='ltr'><strong>cum</strong></span> <span class='ocrx_word' id='word_1_94' title='bbox 1315 1750 1387 1816; x_wconf 85' lang='lat' dir='ltr'><strong>sue-</strong></span> 
     </span>
     <span class='ocr_line' id='line_1_12' title="bbox 259 1845 1388 1930; baseline -0.002 -18"><span class='ocrx_word' id='word_1_95' title='bbox 259 1858 339 1912; x_wconf 88' lang='lat' dir='ltr'><strong>runt</strong></span> <span class='ocrx_word' id='word_1_96' title='bbox 356 1866 433 1910; x_wconf 92' lang='lat' dir='ltr'><strong>cum</strong></span> <span class='ocrx_word' id='word_1_97' title='bbox 449 1846 524 1910; x_wconf 90' lang='lat' dir='ltr'><strong>aliis</strong></span> <span class='ocrx_word' id='word_1_98' title='bbox 537 1847 732 1929; x_wconf 89' lang='lat' dir='ltr'><strong>spiritibus;</strong></span> <span class='ocrx_word' id='word_1_99' title='bbox 757 1857 793 1910; x_wconf 89' lang='lat' dir='ltr'><strong>et</strong></span> <span class='ocrx_word' id='word_1_100' title='bbox 810 1865 947 1930; x_wconf 91' lang='lat' dir='ltr'><strong>quoque</strong></span> <span class='ocrx_word' id='word_1_101' title='bbox 963 1845 1054 1928; x_wconf 91' lang='lat' dir='ltr'><strong>quod</strong></span> <span class='ocrx_word' id='word_1_102' title='bbox 1071 1845 1131 1920; x_wconf 90' lang='lat' dir='ltr'><strong>illi,</strong></span> <span class='ocrx_word' id='word_1_103' title='bbox 1149 1845 1206 1927; x_wconf 93' lang='lat' dir='ltr'><strong>qui</strong></span> <span class='ocrx_word' id='word_1_104' title='bbox 1222 1845 1255 1908; x_wconf 93' lang='lat' dir='ltr'><strong>in</strong></span> <span class='ocrx_word' id='word_1_105' title='bbox 1271 1845 1388 1928; x_wconf 84' lang='lat' dir='ltr'><strong>aliquo</strong></span> 
     </span>
     <span class='ocr_line' id='line_1_13' title="bbox 260 1941 1383 2024; baseline -0.002 -18"><span class='ocrx_word' id='word_1_106' title='bbox 260 1965 343 2008; x_wconf 87' lang='lat' dir='ltr'><strong>vero</strong></span> <span class='ocrx_word' id='word_1_107' title='bbox 361 1943 496 2008; x_wconf 84' lang='lat' dir='ltr'><strong>suerunt</strong></span> <span class='ocrx_word' id='word_1_108' title='bbox 520 1963 565 2006; x_wconf 86' lang='lat' dir='ltr'><strong>ex</strong></span> <span class='ocrx_word' id='word_1_109' title='bbox 589 1942 736 2024; x_wconf 87' lang='lat' dir='ltr'><strong>simplici</strong></span> <span class='ocrx_word' id='word_1_110' title='bbox 758 1943 862 2018; x_wconf 92' lang='lat' dir='ltr'><strong>bono,</strong></span> <span class='ocrx_word' id='word_1_111' title='bbox 882 1942 1004 2006; x_wconf 90' lang='lat' dir='ltr'><strong>imbuti</strong></span> <span class='ocrx_word' id='word_1_112' title='bbox 1023 1942 1093 2004; x_wconf 91' lang='lat' dir='ltr'><strong>sint</strong></span> <span class='ocrx_word' id='word_1_113' title='bbox 1113 1941 1383 2022; x_wconf 89' lang='lat' dir='ltr'><strong>cognitionibus,</strong></span> 
     </span>
     <span class='ocr_line' id='line_1_14' title="bbox 259 2031 1386 2120; baseline -0.004 -18"><span class='ocrx_word' id='word_1_114' title='bbox 259 2048 295 2102; x_wconf 93' lang='lat' dir='ltr'><strong>et</strong></span> <span class='ocrx_word' id='word_1_115' title='bbox 322 2057 382 2120; x_wconf 92' lang='lat' dir='ltr'><strong>per</strong></span> <span class='ocrx_word' id='word_1_116' title='bbox 408 2037 486 2101; x_wconf 89' lang='lat' dir='ltr'><strong>illas</strong></span> <span class='ocrx_word' id='word_1_117' title='bbox 509 2037 750 2118; x_wconf 85' lang='lat' dir='ltr'><strong>intelligentia,</strong></span> <span class='ocrx_word' id='word_1_118' title='bbox 774 2047 811 2101; x_wconf 91' lang='lat' dir='ltr'><strong>et</strong></span> <span class='ocrx_word' id='word_1_119' title='bbox 838 2037 918 2100; x_wconf 92' lang='lat' dir='ltr'><strong>dein</strong></span> <span class='ocrx_word' id='word_1_120' title='bbox 948 2037 982 2100; x_wconf 93' lang='lat' dir='ltr'><strong>in</strong></span> <span class='ocrx_word' id='word_1_121' title='bbox 1013 2037 1146 2100; x_wconf 86' lang='lat' dir='ltr'><strong>caelum</strong></span> <span class='ocrx_word' id='word_1_122' title='bbox 1171 2031 1281 2099; x_wconf 70' lang='lat' dir='ltr'><strong>evotii</strong></span> <span class='ocrx_word' id='word_1_123' title='bbox 1305 2037 1386 2100; x_wconf 91' lang='lat' dir='ltr'><strong>sint.</strong></span> 
     </span>
     <span class='ocr_line' id='line_1_15' title="bbox 261 2131 1386 2219; baseline -0.004 -21"><span class='ocrx_word' id='word_1_124' title='bbox 261 2131 331 2198; x_wconf 88' lang='lat' dir='ltr'><strong>Sed</strong></span> <span class='ocrx_word' id='word_1_125' title='bbox 343 2132 520 2196; x_wconf 86' lang='lat' dir='ltr'><strong>sciendum</strong></span> <span class='ocrx_word' id='word_1_126' title='bbox 537 2132 697 2214; x_wconf 89' lang='lat' dir='ltr'><strong>estquod</strong></span> <span class='ocrx_word' id='word_1_127' title='bbox 714 2151 783 2196; x_wconf 91' lang='lat' dir='ltr'><strong>non</strong></span> <span class='ocrx_word' id='word_1_128' title='bbox 799 2131 889 2196; x_wconf 90' lang='lat' dir='ltr'><strong>ultra</strong></span> <span class='ocrx_word' id='word_1_129' title='bbox 904 2131 1101 2196; x_wconf 86' lang='lat' dir='ltr'><strong>imbuantur</strong></span> <span class='ocrx_word' id='word_1_130' title='bbox 1113 2131 1386 2219; x_wconf 72' lang='lat' dir='ltr'><strong>cognitionibus,</strong></span> 
     </span>
     <span class='ocr_line' id='line_1_16' title="bbox 261 2224 1386 2310; baseline 0.001 -19"><span class='ocrx_word' id='word_1_131' title='bbox 261 2238 297 2292; x_wconf 89' lang='lat' dir='ltr'><strong>et</strong></span> <span class='ocrx_word' id='word_1_132' title='bbox 313 2247 374 2310; x_wconf 92' lang='lat' dir='ltr'><strong>per</strong></span> <span class='ocrx_word' id='word_1_133' title='bbox 390 2228 467 2290; x_wconf 90' lang='lat' dir='ltr'><strong>illas</strong></span> <span class='ocrx_word' id='word_1_134' title='bbox 486 2228 729 2309; x_wconf 88' lang='lat' dir='ltr'><strong>intelligentia,</strong></span> <span class='ocrx_word' id='word_1_135' title='bbox 747 2247 848 2310; x_wconf 88' lang='lat' dir='ltr'><strong>quam</strong></span> <span class='ocrx_word' id='word_1_136' title='bbox 869 2230 913 2291; x_wconf 89' lang='lat' dir='ltr'><strong>ad</strong></span> <span class='ocrx_word' id='word_1_137' title='bbox 932 2229 1076 2310; x_wconf 88' lang='lat' dir='ltr'><strong>gradum</strong></span> <span class='ocrx_word' id='word_1_138' title='bbox 1095 2224 1285 2292; x_wconf 74' lang='lat' dir='ltr'><strong>affectionis</strong></span> <span class='ocrx_word' id='word_1_139' title='bbox 1304 2228 1386 2292; x_wconf 93' lang='lat' dir='ltr'><strong>boni</strong></span> 
     </span>
     <span class='ocr_line' id='line_1_17' title="bbox 260 2321 1384 2405; baseline 0 -19"><span class='ocrx_word' id='word_1_140' title='bbox 260 2333 297 2388; x_wconf 88' lang='lat' dir='ltr'><strong>et</strong></span> <span class='ocrx_word' id='word_1_141' title='bbox 319 2322 402 2398; x_wconf 88' lang='lat' dir='ltr'><strong>veri,</strong></span> <span class='ocrx_word' id='word_1_142' title='bbox 422 2323 456 2386; x_wconf 93' lang='lat' dir='ltr'><strong>in</strong></span> <span class='ocrx_word' id='word_1_143' title='bbox 479 2343 547 2405; x_wconf 89' lang='lat' dir='ltr'><strong>qua</strong></span> <span class='ocrx_word' id='word_1_144' title='bbox 569 2323 703 2388; x_wconf 87' lang='lat' dir='ltr'><strong>luerunt</strong></span> <span class='ocrx_word' id='word_1_145' title='bbox 726 2323 759 2386; x_wconf 91' lang='lat' dir='ltr'><strong>in</strong></span> <span class='ocrx_word' id='word_1_146' title='bbox 784 2323 923 2399; x_wconf 87' lang='lat' dir='ltr'><strong>mundo,</strong></span> <span class='ocrx_word' id='word_1_147' title='bbox 944 2342 1013 2387; x_wconf 91' lang='lat' dir='ltr'><strong>non</strong></span> <span class='ocrx_word' id='word_1_148' title='bbox 1036 2331 1152 2386; x_wconf 90' lang='lat' dir='ltr'><strong>autem</strong></span> <span class='ocrx_word' id='word_1_149' title='bbox 1170 2321 1261 2386; x_wconf 86' lang='lat' dir='ltr'><strong>ultra</strong></span> <span class='ocrx_word' id='word_1_150' title='bbox 1283 2343 1384 2402; x_wconf 87' lang='lat' dir='ltr'><strong>eum;</strong></span> 
     </span>
     <span class='ocr_line' id='line_1_18' title="bbox 259 2415 1384 2500; baseline 0 -18"><span class='ocrx_word' id='word_1_151' title='bbox 259 2417 366 2482; x_wconf 88' lang='lat' dir='ltr'><strong>cuivis</strong></span> <span class='ocrx_word' id='word_1_152' title='bbox 388 2418 480 2481; x_wconf 88' lang='lat' dir='ltr'><strong>enim</strong></span> <span class='ocrx_word' id='word_1_153' title='bbox 503 2419 635 2498; x_wconf 85' lang='lat' dir='ltr'><strong>spiritui</strong></span> <span class='ocrx_word' id='word_1_154' title='bbox 661 2428 699 2482; x_wconf 91' lang='lat' dir='ltr'><strong>et</strong></span> <span class='ocrx_word' id='word_1_155' title='bbox 727 2417 854 2500; x_wconf 89' lang='lat' dir='ltr'><strong>angelo</strong></span> <span class='ocrx_word' id='word_1_156' title='bbox 872 2428 990 2482; x_wconf 88' lang='lat' dir='ltr'><strong>manet</strong></span> <span class='ocrx_word' id='word_1_157' title='bbox 1020 2415 1167 2492; x_wconf 76' lang='lat' dir='ltr'><strong>affectio,</strong></span> <span class='ocrx_word' id='word_1_158' title='bbox 1187 2427 1319 2500; x_wconf 89' lang='lat' dir='ltr'><strong>quanta</strong></span> <span class='ocrx_word' id='word_1_159' title='bbox 1347 2429 1384 2482; x_wconf 93' lang='lat' dir='ltr'><strong>et</strong></span> 
     </span>
     <span class='ocr_line' id='line_1_19' title="bbox 258 2511 1385 2598; baseline 0 -22"><span class='ocrx_word' id='word_1_160' title='bbox 258 2513 368 2598; x_wconf 88' lang='lat' dir='ltr'><strong>qualis</strong></span> <span class='ocrx_word' id='word_1_161' title='bbox 392 2513 423 2577; x_wconf 92' lang='lat' dir='ltr'><strong>ei</strong></span> <span class='ocrx_word' id='word_1_162' title='bbox 452 2511 561 2578; x_wconf 86' lang='lat' dir='ltr'><strong>iuerat</strong></span> <span class='ocrx_word' id='word_1_163' title='bbox 584 2513 619 2574; x_wconf 92' lang='lat' dir='ltr'><strong>in</strong></span> <span class='ocrx_word' id='word_1_164' title='bbox 642 2512 782 2590; x_wconf 92' lang='lat' dir='ltr'><strong>mundo,</strong></span> <span class='ocrx_word' id='word_1_165' title='bbox 806 2521 842 2578; x_wconf 91' lang='lat' dir='ltr'><strong>et</strong></span> <span class='ocrx_word' id='word_1_166' title='bbox 865 2513 951 2576; x_wconf 92' lang='lat' dir='ltr'><strong>haec</strong></span> <span class='ocrx_word' id='word_1_167' title='bbox 975 2522 1106 2594; x_wconf 90' lang='lat' dir='ltr'><strong>postea</strong></span> <span class='ocrx_word' id='word_1_168' title='bbox 1128 2511 1302 2596; x_wconf 86' lang='lat' dir='ltr'><strong>perficitur</strong></span> <span class='ocrx_word' id='word_1_169' title='bbox 1323 2533 1385 2596; x_wconf 88' lang='lat' dir='ltr'><strong>per</strong></span> 
     </span>
     <span class='ocr_line' id='line_1_20' title="bbox 261 2606 1383 2690; baseline 0 -20"><span class='ocrx_word' id='word_1_170' title='bbox 261 2607 509 2690; x_wconf 89' lang='lat' dir='ltr'><strong>impletionem,</strong></span> <span class='ocrx_word' id='word_1_171' title='bbox 530 2609 621 2690; x_wconf 93' lang='lat' dir='ltr'><strong>quod</strong></span> <span class='ocrx_word' id='word_1_172' title='bbox 640 2608 746 2672; x_wconf 90' lang='lat' dir='ltr'><strong>etiam</strong></span> <span class='ocrx_word' id='word_1_173' title='bbox 765 2606 803 2672; x_wconf 92' lang='lat' dir='ltr'><strong>fit</strong></span> <span class='ocrx_word' id='word_1_174' title='bbox 826 2609 860 2672; x_wconf 92' lang='lat' dir='ltr'><strong>in</strong></span> <span class='ocrx_word' id='word_1_175' title='bbox 884 2619 1087 2686; x_wconf 89' lang='lat' dir='ltr'><strong>aeternum;</strong></span> <span class='ocrx_word' id='word_1_176' title='bbox 1110 2627 1190 2672; x_wconf 91' lang='lat' dir='ltr'><strong>nam</strong></span> <span class='ocrx_word' id='word_1_177' title='bbox 1210 2607 1294 2671; x_wconf 94' lang='lat' dir='ltr'><strong>nihil</strong></span> <span class='ocrx_word' id='word_1_178' title='bbox 1313 2629 1383 2672; x_wconf 90' lang='lat' dir='ltr'><strong>non</strong></span> 
     </span>
     <span class='ocr_line' id='line_1_21' title="bbox 260 2703 1383 2786; baseline 0.001 -20"><span class='ocrx_word' id='word_1_179' title='bbox 260 2703 395 2786; x_wconf 88' lang='lat' dir='ltr'><strong>impleri</strong></span> <span class='ocrx_word' id='word_1_180' title='bbox 414 2713 534 2786; x_wconf 85' lang='lat' dir='ltr'><strong>potest</strong></span> <span class='ocrx_word' id='word_1_181' title='bbox 552 2704 587 2767; x_wconf 92' lang='lat' dir='ltr'><strong>in</strong></span> <span class='ocrx_word' id='word_1_182' title='bbox 605 2713 796 2780; x_wconf 89' lang='lat' dir='ltr'><strong>aeternum,</strong></span> <span class='ocrx_word' id='word_1_183' title='bbox 810 2705 920 2767; x_wconf 88' lang='lat' dir='ltr'><strong>omnis</strong></span> <span class='ocrx_word' id='word_1_184' title='bbox 936 2705 1027 2767; x_wconf 91' lang='lat' dir='ltr'><strong>enim</strong></span> <span class='ocrx_word' id='word_1_185' title='bbox 1042 2724 1096 2768; x_wconf 87' lang='lat' dir='ltr'><strong>res</strong></span> <span class='ocrx_word' id='word_1_186' title='bbox 1112 2703 1245 2767; x_wconf 89' lang='lat' dir='ltr'><strong>infinite</strong></span> <span class='ocrx_word' id='word_1_187' title='bbox 1260 2704 1383 2768; x_wconf 87' lang='lat' dir='ltr'><strong>variari</strong></span> 
     </span>
     <span class='ocr_line' id='line_1_22' title="bbox 260 2797 1382 2882; baseline -0.001 -18"><span class='ocrx_word' id='word_1_188' title='bbox 260 2809 393 2880; x_wconf 88' lang='lat' dir='ltr'><strong>potest,</strong></span> <span class='ocrx_word' id='word_1_189' title='bbox 411 2801 463 2863; x_wconf 87' lang='lat' dir='ltr'><strong>ita</strong></span> <span class='ocrx_word' id='word_1_190' title='bbox 492 2820 553 2882; x_wconf 88' lang='lat' dir='ltr'><strong>per</strong></span> <span class='ocrx_word' id='word_1_191' title='bbox 582 2800 676 2863; x_wconf 88' lang='lat' dir='ltr'><strong>varia</strong></span> <span class='ocrx_word' id='word_1_192' title='bbox 698 2797 912 2880; x_wconf 88' lang='lat' dir='ltr'><strong>locupletari,</strong></span> <span class='ocrx_word' id='word_1_193' title='bbox 932 2799 1074 2882; x_wconf 91' lang='lat' dir='ltr'><strong>proinde</strong></span> <span class='ocrx_word' id='word_1_194' title='bbox 1097 2799 1316 2882; x_wconf 88' lang='lat' dir='ltr'><strong>multiplicari</strong></span> <span class='ocrx_word' id='word_1_195' title='bbox 1345 2809 1382 2863; x_wconf 89' lang='lat' dir='ltr'><strong>et</strong></span> 
     </span>
     <span class='ocr_line' id='line_1_23' title="bbox 258 2891 1381 2976; baseline 0 -20"><span class='ocrx_word' id='word_1_196' title='bbox 258 2891 473 2972; x_wconf 81' lang='lat' dir='ltr'><strong>irut&#39;tifieari3</strong></span> <span class='ocrx_word' id='word_1_197' title='bbox 502 2913 571 2957; x_wconf 91' lang='lat' dir='ltr'><strong>non</strong></span> <span class='ocrx_word' id='word_1_198' title='bbox 589 2892 666 2956; x_wconf 83' lang='lat' dir='ltr'><strong>finis</strong></span> <span class='ocrx_word' id='word_1_199' title='bbox 684 2903 739 2958; x_wconf 89' lang='lat' dir='ltr'><strong>est</strong></span> <span class='ocrx_word' id='word_1_200' title='bbox 757 2893 817 2956; x_wconf 93' lang='lat' dir='ltr'><strong>ulli</strong></span> <span class='ocrx_word' id='word_1_201' title='bbox 838 2895 886 2958; x_wconf 89' lang='lat' dir='ltr'><strong>rei</strong></span> <span class='ocrx_word' id='word_1_202' title='bbox 910 2894 1035 2970; x_wconf 80' lang='lat' dir='ltr'><strong>bonae,</strong></span> <span class='ocrx_word' id='word_1_203' title='bbox 1055 2894 1133 2976; x_wconf 91' lang='lat' dir='ltr'><strong>quia</strong></span> <span class='ocrx_word' id='word_1_204' title='bbox 1155 2904 1210 2958; x_wconf 90' lang='lat' dir='ltr'><strong>est</strong></span> <span class='ocrx_word' id='word_1_205' title='bbox 1233 2895 1278 2958; x_wconf 90' lang='lat' dir='ltr'><strong>ab</strong></span> <span class='ocrx_word' id='word_1_206' title='bbox 1301 2893 1381 2957; x_wconf 88' lang='lat' dir='ltr'><strong>Inli-</strong></span> 
     </span>
     <span class='ocr_line' id='line_1_24' title="bbox 258 2987 1381 3071; baseline 0 -19"><span class='ocrx_word' id='word_1_207' title='bbox 258 2989 342 3052; x_wconf 89' lang='lat' dir='ltr'><strong>nito.</strong></span> <span class='ocrx_word' id='word_1_208' title='bbox 387 2987 490 3069; x_wconf 84' lang='lat' dir='ltr'><strong>Quod</strong></span> <span class='ocrx_word' id='word_1_209' title='bbox 510 2989 649 3071; x_wconf 89' lang='lat' dir='ltr'><strong>spiritus</strong></span> <span class='ocrx_word' id='word_1_210' title='bbox 667 2998 703 3054; x_wconf 92' lang='lat' dir='ltr'><strong>et</strong></span> <span class='ocrx_word' id='word_1_211' title='bbox 722 2987 839 3070; x_wconf 89' lang='lat' dir='ltr'><strong>angeli</strong></span> <span class='ocrx_word' id='word_1_212' title='bbox 858 2987 1021 3052; x_wconf 88' lang='lat' dir='ltr'><strong>continue</strong></span> <span class='ocrx_word' id='word_1_213' title='bbox 1041 2987 1258 3070; x_wconf 85' lang='lat' dir='ltr'><strong>perficiantur</strong></span> <span class='ocrx_word' id='word_1_214' title='bbox 1276 2989 1381 3054; x_wconf 89' lang='lat' dir='ltr'><strong>intel·</strong></span> 
     </span>
     <span class='ocr_line' id='line_1_25' title="bbox 258 3083 1382 3166; baseline 0.003 -21"><span class='ocrx_word' id='word_1_215' title='bbox 258 3083 400 3164; x_wconf 86' lang='lat' dir='ltr'><strong>ligentia</strong></span> <span class='ocrx_word' id='word_1_216' title='bbox 418 3093 454 3148; x_wconf 91' lang='lat' dir='ltr'><strong>et</strong></span> <span class='ocrx_word' id='word_1_217' title='bbox 473 3084 644 3166; x_wconf 85' lang='lat' dir='ltr'><strong>sapientia</strong></span> <span class='ocrx_word' id='word_1_218' title='bbox 659 3103 720 3166; x_wconf 91' lang='lat' dir='ltr'><strong>per</strong></span> <span class='ocrx_word' id='word_1_219' title='bbox 735 3084 954 3165; x_wconf 86' lang='lat' dir='ltr'><strong>cognitiones</strong></span> <span class='ocrx_word' id='word_1_220' title='bbox 969 3085 1041 3147; x_wconf 88' lang='lat' dir='ltr'><strong>veri</strong></span> <span class='ocrx_word' id='word_1_221' title='bbox 1059 3093 1096 3147; x_wconf 92' lang='lat' dir='ltr'><strong>et</strong></span> <span class='ocrx_word' id='word_1_222' title='bbox 1114 3083 1206 3159; x_wconf 87' lang='lat' dir='ltr'><strong>boni,</strong></span> <span class='ocrx_word' id='word_1_223' title='bbox 1223 3085 1382 3148; x_wconf 90' lang='lat' dir='ltr'><strong>videatur</strong></span> 
     </span>
    </p>
   </div>
   <div class='ocr_carea' id='block_1_3' title="bbox 257 3176 1491 3277">
    <p class='ocr_par' dir='ltr' id='par_1_3' title="bbox 257 3176 1491 3277">
     <span class='ocr_line' id='line_1_26' title="bbox 257 3176 1491 3277; baseline 0.004 -37"><span class='ocrx_word' id='word_1_224' title='bbox 257 3177 291 3242; x_wconf 91' lang='lat' dir='ltr'><strong>in</strong></span> <span class='ocrx_word' id='word_1_225' title='bbox 303 3178 465 3255; x_wconf 88' lang='lat' dir='ltr'><strong>articulis,</strong></span> <span class='ocrx_word' id='word_1_226' title='bbox 477 3179 534 3243; x_wconf 93' lang='lat' dir='ltr'><strong>ubi</strong></span> <span class='ocrx_word' id='word_1_227' title='bbox 549 3177 593 3242; x_wconf 90' lang='lat' dir='ltr'><strong>de</strong></span> <span class='ocrx_word' id='word_1_228' title='bbox 610 3177 788 3262; x_wconf 91' lang='lat' dir='ltr'><strong>Sapientia</strong></span> <span class='ocrx_word' id='word_1_229' title='bbox 798 3177 1014 3262; x_wconf 87' lang='lat' dir='ltr'><strong>Angelorum</strong></span> <span class='ocrx_word' id='word_1_230' title='bbox 1024 3177 1121 3244; x_wconf 90' lang='lat' dir='ltr'><strong>Caeli</strong></span> <span class='ocrx_word' id='word_1_231' title='bbox 1133 3177 1180 3254; x_wconf 82' lang='lat' dir='ltr'><strong>(n.</strong></span> <span class='ocrx_word' id='word_1_232' title='bbox 1195 3176 1379 3262; x_wconf 76' lang='lat'><strong>265-275);</strong></span> <span class='ocrx_word' id='word_1_233' title='bbox 1483 3259 1491 3277; x_wconf 69' lang='lat'>‚</span> 
     </span>
    </p>
   </div>
   <div class='ocr_carea' id='block_1_4' title="bbox 255 3271 1379 3643">
    <p class='ocr_par' dir='ltr' id='par_1_4' title="bbox 255 3271 1379 3643">
     <span class='ocr_line' id='line_1_27' title="bbox 256 3271 1378 3356; baseline 0.002 -22"><span class='ocrx_word' id='word_1_234' title='bbox 256 3272 299 3334; x_wconf 91' lang='lat' dir='ltr'><strong>de</strong></span> <span class='ocrx_word' id='word_1_235' title='bbox 333 3271 502 3337; x_wconf 88' lang='lat' dir='ltr'><strong>Gentibus</strong></span> <span class='ocrx_word' id='word_1_236' title='bbox 533 3283 570 3338; x_wconf 89' lang='lat' dir='ltr'><strong>et</strong></span> <span class='ocrx_word' id='word_1_237' title='bbox 604 3273 741 3356; x_wconf 85' lang='lat' dir='ltr'><strong>Populis</strong></span> <span class='ocrx_word' id='word_1_238' title='bbox 770 3283 873 3338; x_wconf 85' lang='lat' dir='ltr'><strong>extra</strong></span> <span class='ocrx_word' id='word_1_239' title='bbox 902 3273 1096 3338; x_wconf 87' lang='lat' dir='ltr'><strong>Ecclesiam</strong></span> <span class='ocrx_word' id='word_1_240' title='bbox 1129 3275 1163 3337; x_wconf 93' lang='lat' dir='ltr'><strong>in</strong></span> <span class='ocrx_word' id='word_1_241' title='bbox 1198 3273 1305 3338; x_wconf 87' lang='lat' dir='ltr'><strong>Caelo</strong></span> <span class='ocrx_word' id='word_1_242' title='bbox 1329 3272 1378 3356; x_wconf 90' lang='lat' dir='ltr'><strong>(n.</strong></span> 
     </span>
     <span class='ocr_line' id='line_1_28' title="bbox 258 3365 1379 3452; baseline 0.002 -23"><span class='ocrx_word' id='word_1_243' title='bbox 258 3367 442 3450; x_wconf 83' lang='lat'>318-328);</span> <span class='ocrx_word' id='word_1_244' title='bbox 473 3367 584 3450; x_wconf 91' lang='lat' dir='ltr'><strong>deque</strong></span> <span class='ocrx_word' id='word_1_245' title='bbox 604 3368 795 3432; x_wconf 78' lang='lat' dir='ltr'><strong>Infantibus</strong></span> <span class='ocrx_word' id='word_1_246' title='bbox 814 3368 849 3431; x_wconf 94' lang='lat' dir='ltr'><strong>in</strong></span> <span class='ocrx_word' id='word_1_247' title='bbox 868 3368 975 3432; x_wconf 89' lang='lat' dir='ltr'><strong>Caelo</strong></span> <span class='ocrx_word' id='word_1_248' title='bbox 997 3365 1044 3452; x_wconf 90' lang='lat' dir='ltr'><strong>(n.</strong></span> <span class='ocrx_word' id='word_1_249' title='bbox 1069 3367 1243 3451; x_wconf 82' lang='lat'><strong>329-345),</strong></span> <span class='ocrx_word' id='word_1_250' title='bbox 1264 3366 1379 3432; x_wconf 76' lang='lat' dir='ltr'><strong>atium</strong></span> 
     </span>
     <span class='ocr_line' id='line_1_29' title="bbox 255 3460 1378 3546; baseline 0.004 -22"><span class='ocrx_word' id='word_1_251' title='bbox 255 3471 321 3537; x_wconf 82' lang='lat' dir='ltr'><strong>est,</strong></span> <span class='ocrx_word' id='word_1_252' title='bbox 335 3470 372 3525; x_wconf 86' lang='lat' dir='ltr'><strong>et</strong></span> <span class='ocrx_word' id='word_1_253' title='bbox 388 3462 453 3525; x_wconf 89' lang='lat' dir='ltr'><strong>hoc</strong></span> <span class='ocrx_word' id='word_1_254' title='bbox 469 3463 561 3544; x_wconf 91' lang='lat' dir='ltr'><strong>quod</strong></span> <span class='ocrx_word' id='word_1_255' title='bbox 577 3463 621 3526; x_wconf 90' lang='lat' dir='ltr'><strong>ad</strong></span> <span class='ocrx_word' id='word_1_256' title='bbox 637 3463 783 3544; x_wconf 87' lang='lat' dir='ltr'><strong>gradum</strong></span> <span class='ocrx_word' id='word_1_257' title='bbox 799 3460 989 3527; x_wconf 69' lang='lat' dir='ltr'><strong>affettionis</strong></span> <span class='ocrx_word' id='word_1_258' title='bbox 1004 3464 1086 3528; x_wconf 91' lang='lat' dir='ltr'><strong>boni</strong></span> <span class='ocrx_word' id='word_1_259' title='bbox 1104 3473 1141 3528; x_wconf 92' lang='lat' dir='ltr'><strong>et</strong></span> <span class='ocrx_word' id='word_1_260' title='bbox 1159 3463 1242 3540; x_wconf 86' lang='lat' dir='ltr'><strong>veri,</strong></span> <span class='ocrx_word' id='word_1_261' title='bbox 1257 3463 1293 3528; x_wconf 92' lang='lat' dir='ltr'><strong>in</strong></span> <span class='ocrx_word' id='word_1_262' title='bbox 1311 3483 1378 3546; x_wconf 87' lang='lat' dir='ltr'><strong>qua</strong></span> 
     </span>
     <span class='ocr_line' id='line_1_30' title="bbox 255 3553 1149 3643; baseline 0.006 -25"><span class='ocrx_word' id='word_1_263' title='bbox 255 3553 390 3622; x_wconf 83' lang='lat' dir='ltr'><strong>iuemnt</strong></span> <span class='ocrx_word' id='word_1_264' title='bbox 409 3555 443 3620; x_wconf 91' lang='lat' dir='ltr'><strong>in</strong></span> <span class='ocrx_word' id='word_1_265' title='bbox 463 3557 602 3634; x_wconf 87' lang='lat' dir='ltr'><strong>mundo,</strong></span> <span class='ocrx_word' id='word_1_266' title='bbox 623 3567 659 3622; x_wconf 92' lang='lat' dir='ltr'><strong>et</strong></span> <span class='ocrx_word' id='word_1_267' title='bbox 678 3579 747 3620; x_wconf 92' lang='lat' dir='ltr'><strong>non</strong></span> <span class='ocrx_word' id='word_1_268' title='bbox 767 3557 857 3622; x_wconf 89' lang='lat' dir='ltr'><strong>ultra</strong></span> <span class='ocrx_word' id='word_1_269' title='bbox 875 3557 971 3622; x_wconf 93' lang='lat' dir='ltr'><strong>illum</strong></span> <span class='ocrx_word' id='word_1_270' title='bbox 992 3557 1040 3640; x_wconf 92' lang='lat' dir='ltr'><strong>(n.</strong></span> <span class='ocrx_word' id='word_1_271' title='bbox 1060 3557 1149 3643; x_wconf 85' lang='lat'><strong>349).</strong></span> 
     </span>
    </p>
   </div>
   <div class='ocr_carea' id='block_1_5' title="bbox 630 3823 996 3842">
    <p class='ocr_par' dir='ltr' id='par_1_5' title="bbox 630 3823 996 3842">
     <span class='ocr_line' id='line_1_31' title="bbox 630 3823 996 3842; baseline 0.011 -4"><span class='ocrx_word' id='word_1_272' title='bbox 630 3823 996 3842; x_wconf 53' lang='lat' dir='ltr'><strong>m</strong></span> 
     </span>
    </p>
   </div>
   <div class='ocr_carea' id='block_1_6' title="bbox 737 4027 897 4115">
    <p class='ocr_par' dir='ltr' id='par_1_6' title="bbox 737 4027 897 4115">
     <span class='ocr_line' id='line_1_32' title="bbox 737 4027 897 4115; baseline 0.013 -19"><span class='ocrx_word' id='word_1_273' title='bbox 737 4027 897 4115; x_wconf 64' lang='lat' dir='ltr'><strong>[xum]</strong></span> 
     </span>
    </p>
   </div>
   <div class='ocr_carea' id='block_1_7' title="bbox 257 4212 1374 4380">
    <p class='ocr_par' dir='ltr' id='par_1_7' title="bbox 257 4212 1374 4380">
     <span class='ocr_line' id='line_1_33' title="bbox 257 4212 1374 4298; baseline 0.001 -17"><span class='ocrx_word' id='word_1_274' title='bbox 257 4212 371 4297; x_wconf 86' lang='lat' dir='ltr'><strong>Quoo</strong></span> <span class='ocrx_word' id='word_1_275' title='bbox 406 4215 527 4280; x_wconf 78' lang='lat' dir='ltr'><strong>Hono</strong></span> <span class='ocrx_word' id='word_1_276' title='bbox 560 4228 620 4281; x_wconf 78' lang='lat' dir='ltr'><strong>sm</strong></span> <span class='ocrx_word' id='word_1_277' title='bbox 653 4228 745 4280; x_wconf 70' lang='lat' dir='ltr'><strong>ross</strong></span> <span class='ocrx_word' id='word_1_278' title='bbox 778 4217 962 4294; x_wconf 79' lang='lat' dir='ltr'><strong>Monrau,</strong></span> <span class='ocrx_word' id='word_1_279' title='bbox 987 4232 1126 4295; x_wconf 78' lang='lat' dir='ltr'><strong>Quams</strong></span> <span class='ocrx_word' id='word_1_280' title='bbox 1159 4231 1245 4298; x_wconf 78' lang='lat' dir='ltr'><strong>aJus</strong></span> <span class='ocrx_word' id='word_1_281' title='bbox 1271 4217 1374 4282; x_wconf 76' lang='lat' dir='ltr'><strong>Vm</strong></span> 
     </span>
     <span class='ocr_line' id='line_1_34' title="bbox 645 4313 978 4380; baseline 0 -3"><span class='ocrx_word' id='word_1_282' title='bbox 645 4321 736 4377; x_wconf 76' lang='lat' dir='ltr'><strong>sum</strong></span> <span class='ocrx_word' id='word_1_283' title='bbox 758 4325 800 4376; x_wconf 83' lang='lat' dir='ltr'><strong>m</strong></span> <span class='ocrx_word' id='word_1_284' title='bbox 823 4313 978 4380; x_wconf 75' lang='lat' dir='ltr'><strong>Mundo,</strong></span> 
     </span>
    </p>
   </div>
   <div class='ocr_carea' id='block_1_8' title="bbox 252 4491 1372 4772">
    <p class='ocr_par' dir='ltr' id='par_1_8' title="bbox 252 4491 1372 4772">
     <span class='ocr_line' id='line_1_35' title="bbox 314 4491 1372 4580; baseline 0.003 -20"><span class='ocrx_word' id='word_1_285' title='bbox 314 4507 416 4578; x_wconf 76' lang='lat'><strong>47⁰.</strong></span> <span class='ocrx_word' id='word_1_286' title='bbox 446 4491 549 4578; x_wconf 86' lang='lat' dir='ltr'><strong>Quod</strong></span> <span class='ocrx_word' id='word_1_287' title='bbox 566 4495 640 4560; x_wconf 89' lang='lat' dir='ltr'><strong>vita</strong></span> <span class='ocrx_word' id='word_1_288' title='bbox 657 4497 917 4578; x_wconf 90' lang='lat' dir='ltr'><strong>unumquemvis</strong></span> <span class='ocrx_word' id='word_1_289' title='bbox 940 4515 1000 4560; x_wconf 87' lang='lat' dir='ltr'><strong>sua</strong></span> <span class='ocrx_word' id='word_1_290' title='bbox 1018 4506 1158 4562; x_wconf 87' lang='lat' dir='ltr'><strong>maneat</strong></span> <span class='ocrx_word' id='word_1_291' title='bbox 1176 4505 1257 4580; x_wconf 90' lang='lat' dir='ltr'><strong>post</strong></span> <span class='ocrx_word' id='word_1_292' title='bbox 1279 4515 1372 4562; x_wconf 88' lang='lat' dir='ltr'><strong>mor-</strong></span> 
     </span>
     <span class='ocr_line' id='line_1_36' title="bbox 253 4591 1371 4672; baseline 0.004 -18"><span class='ocrx_word' id='word_1_293' title='bbox 253 4599 336 4668; x_wconf 90' lang='lat' dir='ltr'><strong>tem,</strong></span> <span class='ocrx_word' id='word_1_294' title='bbox 350 4600 470 4655; x_wconf 92' lang='lat' dir='ltr'><strong>notum</strong></span> <span class='ocrx_word' id='word_1_295' title='bbox 487 4600 541 4654; x_wconf 89' lang='lat' dir='ltr'><strong>est</strong></span> <span class='ocrx_word' id='word_1_296' title='bbox 560 4591 667 4654; x_wconf 91' lang='lat' dir='ltr'><strong>cuivis</strong></span> <span class='ocrx_word' id='word_1_297' title='bbox 680 4591 876 4656; x_wconf 88' lang='lat' dir='ltr'><strong>Christiano</strong></span> <span class='ocrx_word' id='word_1_298' title='bbox 894 4611 939 4655; x_wconf 87' lang='lat' dir='ltr'><strong>ex</strong></span> <span class='ocrx_word' id='word_1_299' title='bbox 956 4591 1095 4672; x_wconf 86' lang='lat' dir='ltr'><strong>Verbo;</strong></span> <span class='ocrx_word' id='word_1_300' title='bbox 1119 4611 1198 4657; x_wconf 89' lang='lat' dir='ltr'><strong>nam</strong></span> <span class='ocrx_word' id='word_1_301' title='bbox 1217 4594 1264 4658; x_wconf 93' lang='lat' dir='ltr'><strong>ibi</strong></span> <span class='ocrx_word' id='word_1_302' title='bbox 1283 4593 1371 4658; x_wconf 90' lang='lat' dir='ltr'><strong>mul-</strong></span> 
     </span>
     <span class='ocr_line' id='line_1_37' title="bbox 252 4685 1371 4772; baseline 0.004 -22"><span class='ocrx_word' id='word_1_303' title='bbox 252 4685 298 4750; x_wconf 85' lang='lat' dir='ltr'><strong>tis</strong></span> <span class='ocrx_word' id='word_1_304' title='bbox 320 4688 353 4749; x_wconf 90' lang='lat' dir='ltr'><strong>in</strong></span> <span class='ocrx_word' id='word_1_305' title='bbox 379 4685 463 4750; x_wconf 89' lang='lat' dir='ltr'><strong>locis</strong></span> <span class='ocrx_word' id='word_1_306' title='bbox 483 4685 617 4763; x_wconf 88' lang='lat' dir='ltr'><strong>dicitur,</strong></span> <span class='ocrx_word' id='word_1_307' title='bbox 637 4687 728 4770; x_wconf 91' lang='lat' dir='ltr'><strong>quod</strong></span> <span class='ocrx_word' id='word_1_308' title='bbox 753 4686 858 4751; x_wconf 92' lang='lat' dir='ltr'><strong>homo</strong></span> <span class='ocrx_word' id='word_1_309' title='bbox 880 4687 1069 4751; x_wconf 88' lang='lat' dir='ltr'><strong>secundum</strong></span> <span class='ocrx_word' id='word_1_310' title='bbox 1093 4687 1183 4752; x_wconf 71' lang='lat' dir='ltr'><strong>satta</strong></span> <span class='ocrx_word' id='word_1_311' title='bbox 1205 4699 1241 4754; x_wconf 93' lang='lat' dir='ltr'><strong>et</strong></span> <span class='ocrx_word' id='word_1_312' title='bbox 1264 4709 1371 4772; x_wconf 86' lang='lat' dir='ltr'><strong>opera</strong></span> 
     </span>
    </p>
   </div>
   <div class='ocr_carea' id='block_1_9' title="bbox 0 0 1708 5358">
    <p class='ocr_par' dir='ltr' id='par_1_9' title="bbox 0 0 1708 5358">
     <span class='ocr_line' id='line_1_38' title="bbox 0 0 1708 5358; baseline 0 4"><span class='ocrx_word' id='word_1_313' title='bbox 0 0 1708 5358; x_wconf 95' lang='lat' dir='ltr'><strong> </strong></span> 
     </span>
    </p>
   </div>
  </div>
 </body>
</html>
