3382 5358
358 673 409 723 ms
428 640 952 736 CONJUNCTlottECAELthM
971 661 1320 718 uuumoonnsna.
1362 663 1417 729 ¹71
1515 682 1519 688 .

762 1037 961 1124 [xxxma]

343 1228 402 1292 Du
425 1225 725 1308 commemoria
748 1222 871 1289 Caum
899 1235 980 1287 cun
1004 1219 1181 1285 Huunuo
1205 1216 1378 1282 Gemma.

363 1435 459 1504 291.
489 1419 621 1484 Notum
640 1427 695 1484 est
717 1419 752 1482 in
771 1416 929 1492 ecclesia,
949 1414 1042 1499 quod
1061 1413 1311 1478 omnebonum
1334 1411 1379 1475 sit
1401 1430 1423 1474 a

301 1517 387 1594 Deo,
407 1526 444 1581 et
466 1515 550 1580 nihil
573 1515 618 1578 ab
639 1514 789 1591 homine,
810 1522 846 1577 et
869 1511 960 1596 quod
983 1509 1062 1576 ideo
1080 1529 1183 1573 nemo
1202 1509 1266 1572 sibi
1284 1507 1423 1590 aliquod

299 1613 427 1676 bonum
440 1621 601 1696 oporteat
627 1609 790 1674 addicare
817 1617 854 1672 ut
873 1625 991 1685 suum;
1014 1615 1051 1670 et
1067 1625 1202 1688 quoque
1218 1613 1339 1668 notum
1356 1614 1421 1680 est,

300 1708 391 1791 quod
407 1707 535 1771 maium
552 1707 596 1769 sit
613 1725 634 1768 a
652 1705 808 1768 diabolo:
834 1701 913 1766 inde
932 1711 998 1777 est,
1015 1701 1106 1784 quod
1126 1700 1175 1764 illi
1198 1701 1254 1782 qui
1272 1721 1319 1763 ex
1338 1701 1423 1764 doc·

299 1803 390 1867 trina
412 1802 579 1866 ecclesiae
603 1800 798 1883 loquuntur,
822 1799 941 1862 dicant
964 1797 1007 1860 de
1033 1796 1100 1859 illis
1123 1796 1179 1879 qui
1202 1795 1290 1859 bene
1313 1805 1423 1878 agunt

299 1907 336 1962 et
358 1917 493 1982 quoque
515 1897 559 1960 de
582 1895 648 1959 illis
671 1896 727 1978 qui
749 1894 805 1976 pie
828 1893 1013 1976 loquuntur
1035 1901 1071 1956 et
1094 1890 1307 1973 praedicant,
1331 1892 1423 1974 quod

300 1991 393 2058 dusti
421 1994 490 2056 sint
519 2013 540 2054 a
571 1991 659 2066 Deo,
689 1990 899 2054 contrarium
926 1997 1042 2052 autem
1071 1988 1115 2050 de
1147 1987 1214 2050 iliis
1247 1987 1304 2070 qui
1332 1986 1423 2051 male

299 2095 408 2170 agunt
435 2107 475 2150 ac
505 2087 607 2168 impie
631 2086 824 2169 loquuntur.
870 2083 968 2147 Haec
999 2084 1049 2147 ita
1071 2101 1141 2146 non
1165 2093 1310 2164 possunt
1332 2101 1421 2158 esse,

300 2183 364 2246 nisi
386 2170 516 2246 homini
538 2179 733 2263 conjunctio
756 2181 800 2244 sit
827 2199 904 2243 cum
927 2178 1036 2253 caelo,
1061 2187 1097 2242 et
1127 2175 1322 2260 conjunctio
1345 2197 1422 2242 cum

298 2278 452 2357 inferno;
475 2283 512 2340 et
529 2278 592 2340 nisi
609 2273 866 2357 conjunfitiones
879 2273 959 2338 illae
975 2275 1044 2338 sint
1060 2293 1137 2336 cum
1153 2272 1225 2354 ejus
1241 2273 1424 2340 voluntate

298 2383 431 2437 etcum
450 2373 521 2454 ejus
536 2369 734 2450 intellectu3
762 2389 842 2434 nam
861 2388 907 2433 ex
926 2369 992 2432 illis
1010 2389 1134 2452 eorpus
1152 2371 1226 2452 agit
1249 2379 1285 2434 et
1308 2389 1348 2434 os
1371 2369 1422 2434 lo·

299 2470 422 2552 quitur.
467 2467 588 2550 Qualis
605 2466 665 2531 illa
677 2459 879 2548 ¹conjunctio
897 2473 963 2540 est,
983 2485 1072 2529 nunc
1092 2466 1235 2530 dicetur.

362 2577 459 2645 292·
489 2563 594 2645 Apud
613 2563 873 2644 unumquemvis
890 2561 1064 2625 hominem
1084 2571 1165 2626 sunt
1184 2562 1323 2644 spiritus
1341 2561 1422 2625 boni

299 2669 334 2724 et
351 2670 430 2724 sunt
443 2660 580 2742 spiritus
590 2657 692 2722 mali:
717 2675 778 2740 per
789 2657 928 2740 spiritus
940 2657 1050 2720 bonos
1067 2656 1104 2720 fit
1117 2656 1248 2722 homini
1260 2657 1421 2739 conjunc·

298 2756 349 2820 tio
367 2775 444 2819 cum
461 2755 569 2828 caelo,
587 2764 623 2819 et
643 2773 702 2836 per
718 2754 856 2835 spiritus
872 2752 982 2816 malos
998 2773 1075 2816 cum
1091 2753 1232 2818 inferno.
1277 2751 1422 2835 Spiritus

298 2849 347 2914 illi
366 2861 446 2914 sunt
468 2852 503 2914 in
522 2849 651 2914 mundo
669 2850 858 2932 spirituum,
879 2849 935 2932 qui
958 2858 1012 2912 est
1031 2849 1162 2912 medius
1180 2849 1271 2913 inter
1289 2849 1422 2913 caelum

299 2955 334 3010 et
352 2945 529 3022 infernum,
550 2945 593 3010 de
616 2965 685 3028 quo
703 2945 833 3008 mundo
854 2945 888 3008 in
912 2945 1026 3027 specie
1045 2955 1169 3026 agetur
1191 2946 1225 3008 in
1248 2939 1421 3028 sequenti-

299 3042 371 3106 bus.
416 3040 562 3124 Spiritus
586 3041 635 3105 illi
660 3060 736 3104 cum
768 3041 812 3104 ad
843 3039 1018 3105 hominem
1046 3041 1200 3116 veniunt,
1225 3041 1357 3105 intrant
1388 3042 1422 3105 in

298 3155 436 3200 omnem
455 3137 526 3218 ejus
544 3137 756 3212 memoriam,
776 3146 812 3200 et
831 3135 910 3200 inde
933 3137 967 3200 in
991 3155 1129 3200 omnem
1149 3135 1220 3217 ejus
1236 3137 1422 3218 cogitatio-

299 3251 397 3310 nem;
424 3235 564 3316 spiritus
583 3232 663 3296 mali
686 3233 720 3295 in
743 3231 803 3295 illa
825 3233 1009 3295 memoriae
1032 3240 1068 3296 et
1092 3233 1316 3314 cogitationis
1335 3253 1422 3316 quae

298 3327 389 3392 mala
407 3337 511 3407 sunt;
535 3327 673 3409 spiritus
692 3337 807 3392 autem
826 3327 908 3391 boni
931 3328 965 3390 in
984 3327 1044 3390 illa
1063 3328 1248 3390 memoriae
1267 3335 1303 3392 et
1326 3328 1422 3410 cogi-

299 3425 440 3488 tationis
456 3443 542 3505 quae
559 3423 651 3486 bona
663 3431 757 3487 sunt.
803 3419 948 3506 Spiritus
964 3441 1100 3504 prorsus
1117 3441 1187 3486 non
1203 3423 1315 3487 sciunt
1331 3425 1424 3506 quod

298 3519 387 3602 apud
400 3518 575 3583 hominem
591 3519 660 3582 sint
673 3538 681 3595 ;
705 3517 766 3580 sed
783 3537 860 3581 cum
877 3517 921 3581 ibi
937 3527 1029 3592 sunt,
1042 3517 1187 3598 credunt
1200 3517 1292 3601 quod
1307 3521 1423 3583 omnia

298 3633 384 3696 quae
400 3615 586 3678 memoriae
602 3623 639 3676 et
655 3613 879 3694 cogitationis
895 3613 1042 3676 hominis
1060 3623 1150 3689 sunt,
1168 3633 1229 3676 sua
1245 3614 1334 3692 sint;
1359 3633 1422 3678 nec

298 3709 417 3773 vident
440 3709 625 3784 hominem,
650 3710 728 3792 quia
750 3708 809 3772 illa
831 3727 919 3791 quae
948 3709 981 3771 in
1012 3709 1141 3772 mundo
1171 3707 1291 3773 riostro
1320 3709 1423 3774 solari

298 3814 389 3879 sunt,
413 3823 482 3868 non
503 3805 632 3868 cadunt
654 3805 689 3867 in
712 3805 821 3867 visum
845 3800 1007 3868 commit
1053 3803 1166 3887 Quam
1190 3807 1341 3870 maxime
1363 3825 1421 3870 ea·

701 4043 740 4097 (ιι
752 4054 850 4087 asem
861 4045 1023 4098 mmm.)

351 4155 394 4224 (u)
415 4153 505 4228 Quod
516 4156 596 4227 apud
610 4157 842 4228 unumquemvis
855 4156 1008 4213 hominem
1022 4157 1083 4212 sint
1096 4157 1193 4230 angeli
1206 4167 1237 4213 et
1249 4159 1381 4229 spiritus,
1391 4171 1423 4216 et

297 4225 380 4297 quod
399 4243 452 4297 per
470 4227 538 4281 ilios
557 4227 672 4281 homini
687 4228 922 4283 communicatio
937 4229 976 4284 sit
994 4243 1062 4283 curn
1082 4230 1197 4284 mundo
1212 4229 1359 4301 spirituaii
1381 4234 1421 4300 (n.

297 4297 1184 4382 mmfflfflmfflwffifflm

380 4369 441 4423 uod
454 4369 547 4424 homo
560 4371 672 4442 absque
680 4372 834 4442 spintrbus
845 4371 924 4440 apud
938 4387 971 4425 se
984 4387 1044 4425 non
1054 4371 1155 4426 vivere
1169 4369 1266 4442 possit
1279 4373 1320 4440 (n.
1332 4373 1421 4442 5993).

316 4509 350 4562 88
370 4439 547 4582 [ξοιέόὴῧωο
559 4457 620 4497 non
633 4451 776 4512 appareat
788 4441 950 4512 spiritibus,
961 4441 1039 4496 sicut
1049 4457 1105 4497 nec
1118 4443 1240 4512 spiritus
1250 4443 1365 4497 homini
1380 4451 1420 4512 (n.

300 4522 314 4578 5
462 4525 478 4564 a
505 4551 512 4566 .

350 4521 441 4707 &ogd
456 4581 580 4654 spiritus
593 4581 668 4637 nihil
681 4581 799 4654 possint
813 4581 915 4638 videre
931 4582 1012 4653 quod
1033 4583 1063 4636 in
1083 4583 1197 4638 mundo
1213 4593 1317 4640 nostro
1332 4585 1420 4640 solari

298 4667 355 4722 spu
391 4652 554 4718 hominem,
569 4653 667 4710 solum
680 4653 760 4726 apud
777 4653 860 4708 illum
873 4669 942 4708 cum
954 4668 1017 4725 quo
1029 4653 1195 4725 loquuntur
1208 4657 1248 4726 (n.
1265 4655 1353 4725 1880).
