3408 5358
425 1017 540 1132 ¹DE
579 1013 845 1112 MUNDO
884 1007 1291 1117 SPIRITUUM,

360 1298 428 1350 ET
455 1297 521 1350 DE
555 1295 716 1348 STATU
741 1293 962 1346 HOMINIS
992 1293 1119 1346 POST
1145 1293 1369 1344 MORTEM.

780 1593 941 1770 [rimu]

597 1869 699 1954 Qun)
722 1870 888 1936 Muuuus
911 1867 1133 1934 Srmrruuu.

366 2069 461 2140 411.
490 2057 640 2122 Mundus
658 2057 835 2140 spirituum
849 2065 988 2120 nonest
1008 2055 1153 2130 caelum,
1168 2073 1231 2118 nec
1251 2061 1305 2119 est
1323 2053 1435 2122 inier-¹

305 2172 396 2228 num,
411 2154 472 2216 sed
488 2162 542 2216 est
559 2152 654 2216 locus
670 2173 730 2217 seu
746 2161 860 2216 status
872 2151 1004 2216 medius
1016 2151 1105 2215 inter
1117 2159 1319 2232 utrumque:
1344 2147 1423 2212 illuc

304 2249 396 2312 enim
414 2247 520 2312 homo
537 2257 617 2330 post
637 2256 785 2311 mortem
804 2247 949 2329 primum
968 2247 1076 2322 venit,
1095 2254 1132 2310 et
1155 2245 1234 2308 dein
1258 2252 1338 2328 post
1360 2265 1423 2307 ex·

304 2341 418 2408 actum
436 2353 573 2424 tempus
591 2342 778 2406 secundum
796 2342 903 2406 vitam
920 2359 1016 2406 suam
1035 2341 1069 2404 in
1089 2339 1217 2404 mundo
1234 2337 1291 2403 vel
1309 2338 1424 2403 eleva·

304 2437 412 2502 turin
431 2437 564 2502 caelum
582 2437 639 2501 vei
657 2435 837 2518 conjicitur
855 2436 890 2500 in
908 2435 1085 2500 infernum.

366 2545 462 2615 411.
492 2531 658 2596 Mundum
670 2533 849 2614 spirituum
865 2538 919 2596 est
936 2530 1032 2594 locus
1045 2529 1177 2594 medius
1189 2528 1279 2593 inter
1291 2528 1424 2608 caelum

305 2635 341 2690 ‘et
362 2627 541 2702 infernum,
565 2636 601 2691 et
631 2647 765 2709 quoque
788 2635 843 2690 est
865 2635 980 2690 status
1001 2625 1149 2690 hominis
1173 2633 1253 2706 post
1277 2635 1425 2688 mortem

305 2721 457 2786 medius:
488 2722 579 2804 quod
602 2722 647 2786 sit
671 2721 767 2786 locus
789 2721 932 2796 medius,
952 2721 1063 2804 patuit
1086 2719 1168 2784 mihi
1191 2739 1236 2784 ex
1259 2739 1313 2795 eo,
1333 2719 1425 2802 quod

304 2816 434 2880 inferna
456 2817 525 2880 sint
547 2816 642 2892 inira,
662 2825 698 2880 et
722 2814 808 2880 caeli
828 2835 950 2898 supra3
981 2825 1016 2880 et
1040 2815 1131 2900 quod
1154 2813 1199 2878 sit
1222 2821 1335 2878 status
1352 2834 1425 2878 me-

304 2911 391 2986 dius,
408 2931 454 2974 ex
471 2932 525 2986 eo,
542 2912 634 2994 quod
650 2911 765 2986 homo,
779 2911 941 2994 quamdiu
959 2910 1004 2974 ibi
1021 2919 1084 2984 est,
1102 2909 1254 2974 nondum
1274 2911 1307 2972 in
1326 2909 1425 2974 caelo

304 3015 371 3080 est,
392 3025 454 3070 nec
478 3007 512 3069 in
530 3005 671 3070 inferno.
718 3004 838 3070 Status
856 3005 943 3070 caeli
962 3005 1052 3088 apud
1072 3005 1247 3068 hominem
1267 3015 1321 3068 est
1341 3024 1424 3068 con·

304 3097 432 3180 junctio
461 3101 542 3166 boni
575 3111 610 3166 et
640 3101 711 3164 veri
741 3101 830 3184 apud
863 3101 971 3175 illum,
1002 3109 1039 3164 et
1073 3109 1186 3164 status
1219 3099 1340 3163 inferni
1370 3110 1425 3164 est

304 3193 501 3276 conjunctio
519 3197 600 3260 mali
624 3205 660 3260 et
682 3195 758 3259 salsi
777 3196 866 3278 apud
885 3195 991 3259 illum.
1036 3193 1185 3277 Quando
1203 3196 1293 3277 apud
1313 3196 1423 3259 homi·
1499 3213 1505 3230 ·

214 3289 219 3302 ’
305 3310 383 3354 nem
407 3291 562 3372 spiritum
586 3287 803 3372 conjunctum
827 3299 881 3354 est
903 3291 1030 3354 bonum
1053 3311 1147 3363 vero,
1166 3300 1249 3354 tunc
1271 3292 1367 3354 venit
1390 3292 1424 3354 in

305 3384 449 3459 caelum,
469 3385 548 3468 quia
578 3395 615 3450 ut
645 3383 773 3448 dicium
804 3394 869 3462 est,
893 3382 1088 3466 conjunctio
1117 3383 1177 3448 illa
1205 3397 1262 3448 est
1291 3383 1424 3449 caelum

304 3480 395 3562 apud
414 3479 530 3543 iilum:
561 3480 701 3562 quando
723 3489 838 3543 autem
857 3479 947 3562 apud
971 3479 1145 3542 hominem
1165 3479 1321 3560 spiritum
1341 3499 1423 3544 con·

305 3572 455 3654 iunctum
485 3583 538 3638 est
567 3574 817 3650 malumfa1s0‚
846 3584 928 3639 tunc
959 3575 1053 3638 venit
1083 3575 1116 3638 in
1148 3575 1326 3650 infernum,
1346 3577 1425 3658 quia

305 3667 499 3750 conjunctio
517 3669 576 3733 illa
594 3680 648 3732 est
667 3670 834 3734 infernum
854 3670 944 3752 apud
962 3669 1068 3732 illum.
1115 3668 1211 3733 Haec
1232 3668 1426 3752 conjunctio

305 3762 343 3828 fit
361 3765 396 3828 in
415 3765 544 3828 mundo
563 3765 753 3847 spirituum,
774 3765 934 3847 quoniam
954 3775 1036 3828 tunc
1053 3765 1158 3828 homo
1181 3765 1213 3827 in
1238 3773 1333 3828 statu
1352 3784 1423 3828 me·

305 3858 363 3922 dio
381 3869 446 3922 est.
492 3857 609 3922 Simile
629 3868 694 3934 est,
715 3860 742 3922 si
765 3860 860 3924 dicas
879 3856 1153 3941 conjunctionem
1173 3857 1370 3923 intellectus
1388 3871 1425 3924 et

306 3952 507 4028 voluntatis,
527 3963 585 4016 aut
604 3955 632 4016 si
651 3954 747 4018 dicas
769 3951 1019 4034 conjuctionem
1038 3955 1110 4016 veri
1129 3965 1164 4017 et
1184 3955 1275 4018 boni.

366 4061 466 4130 413.
496 4047 643 4112 Primum
656 4047 710 4112 hic
723 4047 851 4131 aliquid
863 4049 1045 4113 dicendum
1059 4059 1112 4114 est
1129 4049 1173 4112 de
1185 4047 1425 4132 conjunctione

246 4209 251 4221 ,
306 4141 501 4206 intellectus
524 4153 559 4208 et
582 4142 783 4219 voluntatis,
807 4164 846 4208 ac
878 4143 921 4208 de
944 4144 1045 4208 simili
1068 4143 1139 4224 ejus
1162 4164 1239 4208 cum
1263 4144 1424 4227 conjunc·

305 4238 400 4302 tione
422 4239 503 4303 boni
526 4248 562 4302 et
585 4240 666 4312 veri,
691 4240 851 4322 quoniam
875 4239 934 4302 illa
957 4238 1152 4320 conjunctio
1174 4240 1212 4304 fit
1237 4241 1273 4302 in
1297 4239 1425 4304 mundo

305 4333 494 4414 spirituum.
538 4333 606 4398 Est
628 4335 759 4398 homini
782 4333 990 4410 intellectus,
1014 4344 1050 4398 et
1079 4345 1133 4398 est
1156 4335 1317 4400 voluntas
1330 4356 1338 4414 ;
1372 4335 1424 4399 in·

305 4425 467 4494 tellectus
488 4431 611 4512 recipit
633 4451 726 4506 vera,
748 4441 785 4494 et
807 4430 972 4494 formatur
1000 4451 1046 4494 ex
1076 4431 1163 4509 illis;
1193 4451 1234 4495 ac
1262 4431 1425 4496 voluntas

305 4524 427 4606 recipit
453 4525 555 4601 bona,
583 4536 620 4590 et
646 4515 812 4590 formatur
840 4545 886 4588 ex
913 4525 1003 4604 illis;
1033 4534 1240 4607 quapropter
1265 4525 1424 4608 quicquid

305 4619 410 4684 homo
428 4619 594 4704 iutelligit
612 4629 649 4686 et
672 4621 751 4685 inde
771 4621 916 4702 cogitat,
935 4619 1002 4684 hoc
1020 4619 1104 4684 dicit
1123 4639 1252 4695 verum,
1272 4629 1308 4684 et
1331 4621 1424 4703 quic·
