3368 5356
592 633 669 686 Lux
692 635 741 685 ΕΤ
763 633 891 687 CALOR
915 634 957 686 IN
979 635 1117 688 enum.
1370 639 1415 710 79

294 807 414 891 gradu,
439 827 507 890 quo
529 805 645 889 angeli
667 803 748 871 sunt
771 807 989 890 receptiones
1012 807 1127 872 Divini
1150 807 1231 883 veri,
1255 807 1322 874 hoc
1345 821 1413 888 est,

292 903 328 966 in
350 902 584 985 intelligentia
609 912 645 966 et
673 903 844 984 sapientia
873 923 893 966 a
923 903 1085 979 Domino,
1110 912 1165 967 est
1194 903 1263 968 illis
1292 903 1414 970 lux.llll

292 996 424 1080 Angeli
443 997 530 1062 caeli
549 998 629 1062 inde
648 1009 816 1062 vocantur
836 997 967 1079 Angeli
987 999 1082 1062 lucis,

356 1108 451 1175 129.
482 1093 572 1174 Quia
591 1092 759 1156 Dominus
778 1094 812 1156 in
831 1093 937 1156 caelis
956 1103 1012 1156 est
1032 1093 1194 1157 Divinum
1213 1093 1356 1170 Verum,
1377 1105 1414 1160 et

293 1187 454 1251 Divinum
473 1187 603 1252 Verum
623 1189 668 1251 ibi
688 1197 741 1252 est
762 1187 851 1264 Lux,
872 1188 949 1250 ideo
969 1186 1138 1251 Dominus
1158 1190 1192 1252 in
1211 1187 1332 1253 Verbo
1351 1209 1413 1253 vo-

292 1292 389 1346 catur
416 1282 518 1362 Lux;
552 1285 681 1366 pariter
707 1303 810 1346 omne
833 1301 951 1347 verum
977 1283 1070 1366 quod
1100 1283 1144 1347 ab
1174 1283 1277 1367 Ipso;
1312 1293 1349 1348 ut
1378 1285 1412 1348 in

292 1377 515 1461 sequentibus
533 1378 587 1442 his
607 1377 712 1442 locis:

339 1523 422 1590 Jesus
434 1523 509 1582 dixit,
525 1523 606 1586 “Ego
621 1538 680 1572 sum
696 1523 754 1574 Lux
766 1523 879 1582 mundi:
897 1522 942 1586 qui
954 1524 1076 1588 sequitur
1089 1523 1135 1574 Me
1149 1538 1206 1574 non
1218 1526 1369 1578 ambulabit
1383 1529 1411 1578 in

422 1590 549 1648 tenebris,
562 1589 729 1639 sedbabebit
740 1590 827 1638 lucem
840 1587 935 1638 vitae’'
946 1588 1024 1653 (Joh.
1036 1589 1092 1639 viii.
1107 1589 1147 1652 12)
1159 1604 1165 1648 ς

339 1655 499 1720 “Quamdiu
511 1655 538 1704 in
552 1656 654 1704 mundo
666 1669 735 1714 sum,
749 1654 806 1704 Lux
818 1655 912 1704 mundi
926 1655 1009 1704 sum”
1023 1655 1098 1719 (Joh.
1113 1651 1230 1718 ix.1115);

340 1721 457 1787 ‘'Jesus.
468 1721 557 1771 .dixit.
568 1758 586 1777 ..
606 1714 705 1770 Parum
723 1721 810 1770 adhuc
826 1720 884 1770 Lux
898 1721 1038 1770 vobiscum
1056 1730 1115 1780 est;
1136 1722 1273 1772 ambulate
1290 1723 1355 1772 dum
1372 1723 1412 1774 lu-

421 1801 479 1836 cem
499 1787 612 1846 habetis,
627 1801 662 1835 ne
680 1799 728 1836 vos
746 1788 874 1836 tenebrae
888 1787 1248 1848 comprehendente...cum
1269 1798 1311 1838 est
1332 1790 1412 1839 vobis
1482 1806 1483 1809 ¹

420 1851 486 1912 Lux,
499 1852 598 1901 credite
610 1852 637 1901 in
653 1852 747 1910 lucem,
757 1863 786 1900 ut
798 1851 845 1900 filii
857 1852 924 1902 lucis
934 1853 1002 1902 sitis.
1025 1889 1081 1902 ....
1104 1851 1162 1915 Ego
1173 1852 1232 1902 Lux
1242 1854 1270 1902 in
1281 1855 1411 1904 mundum

420 1918 667 2045 ggpg‚6crt['ffltgi)s;rruis
679 1917 765 1966 credit
779 1918 806 1968 in
822 1916 876 1976 Me,
889 1919 916 1967 in
932 1918 1050 1968 tenebris
1065 1932 1120 1966 non
1135 1918 1266 1969 maneat”
1278 1918 1354 1984 (Joh.
1365 1920 1411 1972 xit

337 2048 421 2100 “Lux
432 2049 546 2098 venitin
559 2049 699 2108 mundum,
711 2048 760 2099 sed
772 2057 933 2100 amaverunt
943 2048 1070 2098 homines
1082 2049 1210 2100 tenebras
1225 2050 1316 2114 potius
1328 2064 1409 2114 quem

420 2116 507 2166 lucem
516 2114 530 2135 ”
541 2113 617 2180 (Joh.
630 2115 666 2166 iii.
680 2115 728 2178 19).

288 2255 463 2340 Johannes
482 2255 525 2320 de
544 2255 708 2334 Domino,

338 2393 353 2415 ¹⁸
362 2390 414 2441 llic
426 2400 468 2440 est
483 2389 541 2440 Lux
553 2405 624 2450 vera,
638 2405 706 2454 quae
719 2390 855 2441 illuminat
865 2404 975 2440 omnem
987 2389 1126 2439 bominem
1136 2387 1152 2410 ”
1163 2386 1239 2454 (Jok.
1251 2390 1268 2441 l.
1280 2402 1305 2452 4,
1317 2387 1359 2454 9);

338 2455 481 2520 “Populus
490 2457 535 2522 qui
547 2457 622 2506 sedet
632 2457 659 2505 in
673 2458 800 2514 tenebris,
810 2457 896 2505 lucem
907 2470 1032 2518 magnam
1043 2451 1151 2515 l³lvidit;
1166 2465 1193 2504 et
1206 2457 1266 2516 illis,
1276 2456 1321 2521 qul
1332 2457 1408 2508 sede·

418 2524 484 2571 bant
496 2523 536 2572 in.
547 2524 654 2572 ‚umbra
666 2523 769 2581 mortis,
783 2521 840 2572 Lux
852 2535 947 2571 exorta
958 2531 1001 2570 est
1010 2519 1024 2540 ''
1036 2521 1144 2583 (Matri.
1160 2521 1193 2570 iv.
1209 2523 1266 2584 16);

336 2587 437 2638 “Dabo
449 2587 490 2638 Te
504 2589 531 2636 in
543 2588 638 2638 loedus
648 2588 748 2650 populi,
761 2589 788 2637 in
801 2589 888 2636 lucem
901 2589 1022 2650 gentium
1030 2585 1044 2607 ’¹
1057 2587 1140 2647 (Esai.
1155 2587 1210 2636 xlii.
1222 2588 1262 2648 6);

336 2653 497 2703 “Constitui
507 2653 547 2703 Te
560 2655 587 2702 in
602 2653 700 2702 Lucem
713 2654 844 2716 gentium,
855 2662 885 2702 ut
896 2655 934 2702 sis
948 2653 1021 2702 salus
1036 2668 1097 2702 mea
1108 2655 1239 2716 usquead
1253 2655 1410 2705 extremita-

417 2729 472 2769 tem
485 2730 572 2768 terrae
583 2717 597 2740 ”
610 2718 693 2780 (Erat.
707 2719 770 2769 xlix.
783 2719 827 2778 ol:

336 2783 465 2834 “Gentes
478 2799 547 2848 quae
559 2795 683 2834 servatae
695 2785 873 2834 ambulabunt
884 2785 917 2833 ad
933 2784 1020 2834 lucem
1034 2784 1123 2848 lpslus
1132 2783 1147 2805 '³
1159 2782 1245 2846 (Aper.
1258 2785 1312 2835 xxl.
1325 2785 1383 2848 24);

336 2849 439 2900 “Mitte
449 2851 535 2900 lucem
546 2861 658 2900 tuamet
670 2852 810 2900 veritatem
821 2861 904 2910 tuam,
913 2850 976 2900 illae
985 2851 1084 2900 ducent
1097 2865 1140 2900 me
1148 2848 1163 2870 ”
1173 2849 1281 2912 (Psalm.
1289 2849 1355 2901 xliii.
1366 2853 1399 2915 3).

286 2991 326 3055 In
348 2990 402 3055 his
425 2991 510 3056 locis
533 3000 569 3056 et
599 2993 633 3056 in
656 2991 730 3056 aliis
754 2992 921 3056 Dominus
940 3002 1085 3057 vocatur
1107 2991 1186 3056 Lux
1211 3014 1256 3058 ex
1280 2993 1408 3059 Divino

285 3107 377 3163 vero,
391 3089 482 3170 quod
495 3110 539 3152 ex
555 3088 654 3170 lpso;
673 3089 800 3170 pariter
812 3089 922 3170 ipsum
931 3107 1049 3152 verum
1062 3089 1186 3152 dicitur
1198 3088 1269 3152 lux.
1311 3087 1406 3171 Quo-

287 3183 377 3244 niam
396 3203 416 3246 a
436 3183 585 3246 Domino
604 3193 642 3247 ut
661 3182 742 3247 Sole
761 3183 821 3246 lux
841 3193 895 3246 est
911 3185 944 3246 in
965 3183 1079 3258 caelis,
1100 3185 1179 3247 ideo
1197 3204 1274 3247 cum
1294 3195 1406 3250 trans·

285 3275 451 3341 formatus
470 3297 586 3341 coram
603 3279 717 3354 Petro,
736 3277 867 3360 Jacobo
885 3287 921 3341 et
938 3277 1108 3360 Johanne,

335 3423 451 3473 “Facies
462 3423 551 3487 Ipsius
561 3424 685 3488 apparuit
694 3425 764 3473 sicut
773 3423 844 3482 Sol,”
854 3425 903 3474 “et
915 3425 1079 3474 vestimenta
1089 3423 1178 3488 Ipsius
1188 3424 1258 3474 sicut
1267 3424 1321 3482 lux.
1331 3439 1408 3476 coru·

415 3491 519 3540 manua
528 3498 556 3539 et
567 3489 683 3539 candida
691 3500 721 3540 ut
733 3490 787 3547 nix,
798 3489 888 3553 qualia
900 3505 955 3540 non
965 3500 1055 3553 potest
1064 3491 1132 3540 lullo
1141 3490 1169 3539 in
1178 3500 1250 3540 terra
1258 3491 1383 3541 dealbare
1392 3489 1406 3514 ''

415 3553 511 3616 (Marc.
523 3556 558 3604 ix.
573 3567 605 3616 3;
622 3555 720 3606 Matilo.
733 3555 796 3604 xvii.
810 3555 850 3618 2):

285 3697 375 3781 quod
391 3698 600 3761 vestimenta
615 3695 754 3761 Domini
769 3697 819 3760 ita
833 3698 1061 3780 apparuerint,
1075 3706 1160 3773 erat,
1174 3698 1253 3781 quia
1267 3717 1404 3781 reprae-

285 3793 472 3857 sentabant
489 3792 651 3856 Divinum
673 3812 789 3856 verum
809 3793 900 3875 quod
923 3793 967 3857 ab
990 3792 1072 3875 Ipso
1090 3794 1124 3856 in
1143 3793 1269 3858 caelis:
1296 3800 1404 3859 “ves-

680 4015 720 4070 (ex
732 4025 830 4058 nuxis
843 4016 1008 4071 comeus)

338 4116 402 4188 (hh)
423 4115 512 4190 Quod
527 4117 580 4172 lux
598 4117 628 4171 in
646 4117 731 4172 caelo
749 4133 782 4172 se
797 4117 908 4172 habeat
922 4118 1088 4173 secundum
1104 4117 1280 4189 angelorum
1296 4115 1405 4172 intelli·

284 4188 416 4261 gentiam
431 4199 462 4242 et
475 4187 654 4259 sapientiam
669 4191 709 4256 (n.
726 4199 801 4257 1524,
818 4201 893 4257 1529,
910 4201 986 4257 1530,
1000 4203 1051 4258 333
1070 4190 1091 4256 ).

334 4256 427 4342 Quod
440 4259 515 4314 lucis
524 4258 711 4314 differentiae
721 4259 752 4312 in
765 4259 855 4314 caelis
868 4259 996 4313 totidem
1010 4260 1079 4320 sint,
1092 4268 1167 4330 quot
1179 4259 1340 4314 societates
1352 4271 1405 4311 an·

283 4329 414 4401 gelrcae;
435 4329 577 4400 quoniam
592 4339 755 4400 perpetuae
766 4329 926 4384 varietates
942 4330 1043 4400 quoad
1058 4330 1171 4384 bonum
1189 4339 1221 4384 et
1238 4327 1406 4392 verumne

283 4400 383 4472 quoad
398 4401 576 4472 sapientiam
592 4411 624 4456 et
639 4400 877 4472 intelligentiam,
890 4400 1004 4455 suntin
1016 4399 1106 4456 caelis
1120 4401 1161 4470 (n.
1175 4399 1237 4468 684,
1249 4398 1311 4472 ⁶90,
1325 4411 1404 4468 ³²41·

284 4469 926 4543 mmmffimmm
