3382 5358
281 617 340 682 174
601 613 652 664 DE
676 612 802 664 cnuto
826 613 874 662 ET
898 611 1081 664 INFERNO.

277 787 437 850 nocentia
455 796 547 860 sunt,
567 785 617 848 ita
636 785 692 867 qui
712 785 967 850 communicant
986 802 1063 847 cum
1083 783 1181 848 caelo
1200 784 1322 848 intimo
1341 803 1400 848 seu

276 885 390 950 tertio.
435 882 503 948 Sed
526 883 612 948 haec
637 879 808 964 adjunctio
837 881 874 945 fit
906 903 926 945 a
958 881 1107 945 Domino
1130 881 1219 962 apud
1245 881 1322 945 illos
1345 883 1401 964 qui

275 982 447 1048 reformari
470 1002 510 1046 ac
534 982 729 1063 regenerari
748 989 915 1062 possunt:
947 979 1049 1044 aliter
1067 989 1183 1044 autem
1207 979 1298 1060 apud
1321 980 1400 1044 illos

274 1081 328 1164 qui
347 1101 417 1145 non
436 1078 610 1145 reformari
628 1101 689 1143 seu
707 1079 901 1161 regenerari
918 1087 1081 1160 possunt;
1105 1078 1158 1142 his
1177 1098 1311 1160 quoque
1330 1079 1399 1159 spi·

274 1180 357 1242 ritus
381 1179 462 1242 boni
484 1175 635 1258 adjundii
658 1186 750 1253 sunt,
775 1187 812 1240 ut
836 1197 896 1259 per
918 1175 996 1240 illos
1019 1176 1241 1240 detineantur
1263 1196 1284 1240 a
1307 1176 1400 1241 malo

273 1285 439 1360 quantum
463 1275 625 1358 possibile
648 1285 723 1352 est;
754 1274 815 1338 sed
838 1274 1039 1338 immediata
1061 1293 1179 1338 eorum
1202 1271 1399 1354 conjundtio

272 1383 326 1438 est
357 1393 435 1437 cum
465 1373 565 1437 malis
588 1372 762 1454 spiritibus
785 1372 841 1454 qui
871 1372 1128 1436 communicant
1151 1391 1229 1436 cum
1252 1371 1397 1451 inl'erno,

271 1471 363 1535 unde
381 1473 430 1534 eis
449 1471 539 1534 tales
558 1480 650 1545 sunt,
670 1469 791 1554 quales
809 1469 874 1551 ipsi
890 1469 1048 1534 homines
1067 1478 1170 1547 sunt;
1194 1469 1223 1532 si
1239 1481 1398 1536 amantes

271 1570 333 1644 sui,
353 1569 408 1631 vel
426 1578 586 1632 amantes
603 1567 697 1642 lucri,
714 1567 770 1631 vel
786 1575 947 1632 amantes
962 1563 1146 1642 vindiciae,
1164 1565 1218 1630 vel
1238 1579 1398 1634 amantes

270 1665 432 1731 adulterii
451 1676 543 1741 sunt,
563 1666 702 1748 spiritus
721 1665 851 1728 similes
869 1665 1018 1744 adsunt3
1042 1674 1079 1730 et
1103 1665 1137 1728 in
1156 1684 1274 1728 eorum
1293 1665 1397 1732 affec·

271 1764 423 1829 tionibus
442 1763 542 1827 malis
561 1763 658 1850 quasi
675 1762 860 1840 habitant;
884 1772 920 1828 et
939 1762 1000 1836 illi,
1018 1771 1185 1845 quantum
1203 1761 1309 1827 homo
1328 1783 1397 1830 non

271 1863 379 1925 arceri
395 1869 515 1944 potest
533 1881 554 1924 a
573 1859 666 1924 malo
682 1859 868 1943 perbonos
884 1860 1033 1941 spiritus,
1048 1869 1185 1924 tantum
1202 1861 1398 1928 accendunt

270 1958 377 2032 illum,
402 1967 439 2022 et
461 1968 629 2041 quantum
652 1955 787 2022 arsenio
809 1967 934 2038 regnat
957 1968 1094 2022 tantum
1117 1958 1309 2022 adhaerent
1332 1979 1395 2026 nec

269 2057 446 2120 recedunt.
493 2055 549 2120 Ita
582 2056 689 2120 homo
720 2055 831 2120 malus
861 2053 1064 2136 conjundtus
1098 2065 1153 2120 est
1187 2056 1331 2133 inferno,
1359 2067 1396 2122 et

269 2155 505 2218 homobonus
524 2151 725 2235 conjundtus
744 2163 798 2218 est
818 2153 926 2218 caelo.

332 2252 435 2332 ²96.
466 2249 568 2333 Quod
588 2252 693 2316 homo
711 2260 851 2333 regatur
871 2271 932 2333 per
950 2251 1090 2334 spiritus
1113 2270 1134 2314 a
1158 2250 1320 2327 Domino,
1340 2262 1395 2316 est

268 2349 435 2432 quianon
459 2349 493 2412 in
517 2349 636 2414 ordine
655 2347 743 2414 caeli
765 2357 829 2424 est,
850 2349 1002 2412 nascitur
1021 2351 1113 2414 enim
1136 2349 1171 2412 in
1195 2348 1287 2413 mala
1305 2369 1394 2432 quae

269 2447 389 2510 inferni
419 2455 508 2520 sunt,
533 2448 583 2510 ita
612 2467 750 2528 prorsus
773 2456 896 2511 contra
919 2446 1081 2510 Divinum
1105 2447 1280 2525 ordinem;
1311 2469 1394 2530 qua·

268 2555 410 2627 propter
432 2545 639 2626 redigendus
662 2554 716 2608 est
743 2545 777 2608 in
800 2546 968 2620 ordinem,
992 2555 1028 2610 et
1053 2564 1122 2608 non
1145 2545 1257 2626 redigi
1279 2554 1395 2628 potest

268 2644 332 2706 nisi
348 2643 499 2706 mediate
519 2663 578 2724 per
596 2643 744 2725 spiritus.
790 2641 906 2706 Aliter
921 2643 1009 2706 foret
1027 2644 1055 2706 si
1074 2643 1179 2706 homo
1196 2653 1395 2708 nasceretur

268 2742 302 2802 in
333 2739 462 2804 bonum
491 2741 583 2822 quod
610 2749 664 2804 est
689 2741 876 2804 secundum
899 2741 1055 2806 ordinem
1078 2740 1185 2818 caeli;
1218 2749 1300 2804 tunc
1324 2761 1394 2804 non

267 2847 445 2919 regeretur
467 2857 488 2899 a
511 2837 662 2902 Domino
681 2857 742 2918 per
759 2837 911 2918 spiritus,
931 2838 992 2900 sed
1016 2858 1076 2919 per
1094 2838 1206 2919 ipsum
1224 2837 1391 2914 ordinem,

267 2936 316 2998 ita
339 2953 400 3017 per
418 2933 584 2998 influxum
604 2953 833 2998 communem.
878 2935 942 2998 Per
964 2935 1053 2998 hunc
1073 2935 1240 3000 influxum
1259 2937 1390 3016 regitur

267 3033 373 3096 homo
392 3031 505 3114 quoad
525 3032 584 3095 illa
602 3053 690 3115 quae
710 3033 901 3114 procedunt
924 3053 945 3096 a
967 3033 1184 3114 cogitatione
1207 3043 1244 3096 et
1269 3033 1392 3096 volun-

267 3139 342 3192 tate
361 3131 396 3192 in
415 3127 540 3204 adium,
561 3130 610 3193 ita
628 3130 742 3213 quoad
763 3129 918 3212 loquelas
938 3139 974 3194 et
993 3131 1108 3214 quoad
1126 3129 1291 3206 actiones,
1313 3149 1392 3194 nam

265 3228 330 3290 hae
350 3238 386 3290 et
404 3227 485 3290 illae
501 3227 608 3290 fluunt
626 3227 814 3291 secundum
830 3228 986 3292 ordinem
1002 3228 1207 3304 naturalem,
1221 3248 1298 3292 cum
1317 3229 1391 3309 qui·

266 3325 329 3388 bus
351 3325 429 3388 ideo
449 3325 586 3406 spiritus
610 3325 666 3407 qui
687 3322 837 3406 adjuncti
860 3335 941 3390 sunt
959 3325 1089 3390 homini
1107 3326 1191 3390 nihil
1210 3346 1393 3390 commune

265 3423 406 3486 habent.
453 3421 516 3485 Per
527 3421 692 3486 influxum
705 3441 922 3488 communem
935 3443 955 3488 e
967 3424 1095 3488 mundo
1107 3424 1276 3506 spirituali
1287 3426 1391 3488 etiam

265 3530 431 3601 reguntur
454 3519 625 3596 animalia,
650 3521 728 3602 quia
754 3520 839 3586 haec
871 3521 904 3585 in
936 3522 1055 3586 ordine
1078 3541 1160 3586 suae
1182 3523 1275 3586 vitae
1298 3531 1389 3597 sunt,

265 3637 328 3680 nec
347 3617 442 3680 illum
460 3627 646 3698 potuerunt
663 3627 860 3700 pervertere
879 3627 914 3682 et
932 3619 1121 3696 destruere,
1138 3621 1216 3704 quia
1235 3619 1303 3686 illis
1322 3639 1391 3684 non

264 3711 479 3779 rationalem
524 3713 636 3796 Quale
654 3717 840 3780 discrimen
858 3717 948 3781 inter
966 3719 1124 3782 homines
1142 3727 1179 3782 et
1201 3719 1293 3784 inter
1311 3719 1389 3782 bes·

264 3813 343 3887 tias,
362 3813 522 3877 videatur
540 3833 642 3897 supra
662 3812 709 3896 (n.
728 3813 794 3897 39).

657 4043 698 4094 (ιι
711 4051 810 4084 murs
822 4043 987 4096 ωωιιιιιι)

316 4153 364 4223 (y)
384 4150 473 4226 Quod
490 4153 650 4210 discrimen
666 4153 744 4210 inter
760 4153 898 4210 homines
916 4165 947 4210 et
965 4155 1077 4212 bestias
1092 4155 1140 4218 sit,
1153 4157 1235 4227 quod
1251 4157 1389 4214 homines

263 4223 380 4294 possint
391 4224 501 4278 elevari
517 4241 535 4280 a
551 4223 684 4279 Domino
699 4226 737 4279 ad
751 4224 798 4287 Se,
812 4235 843 4279 et
858 4225 992 4296 cogitare
1005 4227 1043 4281 de
1060 4225 1180 4290 Divino,
1193 4244 1293 4283 amare
1307 4227 1390 4292 illud,

262 4294 305 4350 sic
319 4294 461 4366 conjungi
479 4295 628 4359 Domino,
648 4296 718 4352 inde
730 4296 774 4352 eis
787 4297 851 4352 vita
862 4308 993 4360 aeterna,
1004 4314 1090 4354 secus
1104 4309 1206 4354 autem
1220 4297 1360 4368 bestiae(
1381 4340 1388 4355 .

261 4363 751 4450 mmmm,‚‚
915 4437 920 4450 ,
1144 4437 1150 4454 ,

315 4433 406 4508 Quod
423 4437 537 4492 bestrae
556 4447 617 4492 sint
636 4454 668 4491 m
685 4437 793 4493 ordine
808 4454 879 4494 suae
891 4449 981 4501 vitae,
994 4449 1026 4494 et
1044 4437 1125 4510 quod
1143 4439 1212 4495 rdeo
1227 4451 1390 4496 nascantur

263 4507 292 4560 in
306 4507 517 4564 convenientia
527 4525 600 4564 suae
613 4519 754 4566 naturae:
773 4525 834 4566 non
847 4519 949 4566 sutem
962 4511 1071 4574 homo,
1089 4510 1140 4582 qui
1155 4511 1224 4566 ideo
1224 4527 1290 4638 Xer
1300 4511 1387 4568 intel·

1243 4597 1277 4654 32

262 4575 399 4634 leilualia
413 4579 442 4633 in
455 4579 592 4634 ordinem
606 4579 685 4635 vitae
699 4580 937 4637 introducendus
949 4593 996 4638 est
1010 4583 1051 4652 (n.
1063 4581 1125 4654 637,
1137 4581 1214 4652 5850,

1279 4583 1316 4654 3).
