3368 5356
276 625 320 690 42
606 623 657 674 DE
680 622 807 674 CAELO
831 623 880 674 ET
904 621 1077 673 INFERNO

276 811 458 861 commune
474 803 528 860 est
547 816 593 860 ex
613 795 767 876 partibuo
785 803 822 860 et
840 803 957 878 partes
972 795 1190 860 constituunt
1206 811 1400 871 commune,

275 911 380 975 quare
397 892 609 974 prospiciunt
626 891 689 954 sibi
708 891 867 966 invicem,
885 889 1045 972 spectant
1062 911 1098 954 se
1114 899 1245 966 mutuo,
1262 900 1298 955 et
1316 910 1401 954 con·

273 986 463 1068 junguntur
481 989 516 1052 in
532 987 595 1051 tali
611 986 721 1050 forma
736 996 774 1050 ut
794 989 910 1052 omnia
928 996 963 1050 et
983 985 1120 1068 singula
1135 1005 1173 1050 se
1191 985 1339 1052 referant
1357 985 1401 1050 'ad

276 1101 459 1146 commune
489 1091 525 1147 et
555 1081 627 1164 ejus
649 1082 800 1160 bonum;
835 1081 915 1146 inde
944 1091 1009 1156 est,
1034 1082 1125 1164 quod
1149 1099 1254 1144 unum
1283 1091 1400 1163 agant.

276 1175 412 1242 Similes
441 1189 522 1242 sunt
549 1179 827 1242 consociationes
857 1179 891 1241 in
920 1177 1046 1256 caelis;
1080 1176 1334 1259 ¹conjunguntur
1356 1177 1401 1240 ibi

276 1273 464 1336 secundum
480 1294 560 1337 usus
578 1275 612 1336 in
632 1272 733 1336 simili
749 1273 879 1351 forma;
903 1293 1007 1355 quare
1026 1273 1082 1356 qui
1101 1293 1171 1336 non
1190 1292 1288 1336 usum
1304 1291 1401 1354 prae·

276 1377 372 1432 stant
391 1370 574 1445 communi,
594 1367 774 1450 ejiciuntur
793 1390 812 1432 e
832 1367 940 1443 caelo,
960 1369 1040 1451 quia
1058 1378 1139 1432 sunt
1157 1369 1401 1450 heterogenea.

276 1462 387 1528 Usum
415 1475 591 1546 praestare
619 1474 672 1528 est
706 1463 780 1528 aliis
809 1463 900 1528 velle
930 1464 1018 1527 bene
1049 1473 1190 1546 propter
1220 1483 1400 1527 commune

276 1559 415 1634 bonum,
436 1571 472 1624 et
503 1579 600 1623 usum
624 1580 692 1623 non
723 1569 900 1642 praestare
924 1569 978 1623 est
1007 1557 1083 1622 aliis
1102 1558 1192 1622 velle
1215 1559 1303 1623 bene
1332 1579 1400 1624 non

276 1663 417 1736 propter
446 1674 627 1718 commune
657 1654 785 1718 bonum
816 1655 878 1718 sed
905 1665 1047 1737 propter
1076 1675 1134 1734 se;
1171 1653 1207 1718 hi
1236 1663 1317 1718 sunt
1345 1655 1400 1738 qui

275 1759 395 1812 amant
418 1770 455 1813 se
478 1769 580 1831 supra
600 1751 725 1824 omnia,
746 1750 796 1814 illi
819 1759 935 1813 autem
958 1759 1040 1814 sunt
1062 1750 1119 1832 qui
1142 1759 1261 1813 amant
1281 1749 1400 1812 Domi-

276 1863 357 1908 num
377 1865 478 1927 supra
500 1847 635 1909 omnia:
667 1845 747 1910 inde
770 1853 835 1921 est,
856 1845 949 1929 quod
971 1845 1020 1908 illi
1044 1846 1101 1928 qui
1130 1847 1164 1908 in
1188 1844 1286 1908 caelo
1309 1853 1400 1918 sunt,

276 1959 380 2004 unum
400 1951 518 2022 agant,
537 1942 598 2003 sed
618 1940 684 2004 hoc
704 1961 774 2004 non
793 1959 838 2004 ex
858 1961 896 2004 se
915 1941 975 2004 sed
995 1961 1041 2003 ex
1061 1939 1222 2014 Domino,
1242 1937 1400 2021 spectant

275 2036 366 2098 enim
387 2035 503 2118 Ipsum
522 2045 559 2100 ut
580 2035 728 2101 Unicum
747 2056 767 2099 a
787 2034 875 2118 Quo,
893 2055 933 2098 ac
953 2055 1096 2116 regnum
1116 2034 1226 2118 Ipsius
1250 2043 1287 2098 ut
1306 2053 1399 2098 com·

276 2149 389 2206 mune,
424 2133 477 2194 cui
510 2131 769 2196 consulendum.
817 2131 895 2196 Hoc
930 2130 1136 2213 intelligitur
1168 2151 1229 2213 per
1262 2129 1400 2194 Domini

277 2227 393 2302 verba,

326 2358 486 2423 “Quaerite.
497 2357 596 2420 primo
610 2357 735 2419 Regnum
749 2357 808 2418 Dei,
819 2367 846 2408 et
858 2356 991 2421 justitiam
1001 2356 1070 2420 ejus,
1080 2365 1118 2406 et.
1129 2356 1234 2406 ‚omnia
1242 2355 1404 2420 adjicientur

409 2423 509 2474 vobis”
521 2421 629 2486 (March.
643 2424 676 2474 vi.
690 2422 740 2487 33).

278 2555 469 2634 “quaerere
500 2549 666 2630 justitiam
698 2549 792 2630 ejus”
821 2559 875 2614 est
911 2550 1039 2614 bonum
1070 2546 1214 2630 ejuslru)
1270 2547 1338 2632 Qui
1367 2551 1400 2615 in

277 2637 405 2698 mundo
423 2645 542 2698 amant
561 2638 694 2716 patriae
710 2637 838 2698 bonum
858 2634 935 2716 plus
954 2654 1056 2718 quam
1073 2655 1182 2709 suum,
1200 2645 1236 2700 et
1255 2637 1401 2718 proximi

276 2729 405 2794 bonum
424 2731 511 2794 sicut
534 2749 642 2806 suum,
663 2729 712 2792 illi
742 2739 822 2794 sunt
852 2731 908 2812 qui
938 2731 972 2792 in
999 2729 1109 2793 altera
1128 2731 1200 2794 vita
1218 2740 1337 2795 amant
1367 2743 1401 2796 et

277 2834 445 2907 quaerunt
473 2843 617 2906 regnum
647 2823 798 2900 Domini,
819 2843 898 2888 nam
928 2825 973 2887 ibi
1002 2845 1147 2906 regnum
1178 2824 1318 2889 Domini
1348 2837 1401 2891 est

276 2917 355 2983 loco
374 2919 527 3000 patriae3
552 2929 588 2982 et
612 2921 668 3001 qui
686 2929 804 2982 amant
823 2919 935 2983 facere
955 2919 1029 2983 aliis
1048 2921 1187 2996 bonum,
1210 2941 1279 2984 non
1298 2941 1401 3004 prop·

275 3025 330 3080 ter
352 3035 388 3078 se
411 3013 473 3077 sed
496 3023 638 3097 propter
656 3015 795 3090 bonurn,
817 3015 866 3078 illi
889 3025 1007 3079 amant
1027 3017 1233 3099 proximum,
1254 3036 1334 3081 nam
1356 3019 1401 3081 ibi

277 3111 404 3174 bonum
435 3119 490 3174 est
523 3106 780 3190 proximuszlml
818 3130 938 3174 omnes
967 3110 1016 3174 illi
1045 3113 1101 3195 qui
1130 3111 1220 3176 tales
1249 3123 1340 3189 sunt,
1368 3114 1401 3177 in

278 3205 435 3269 Maximo
456 3205 617 3281 Homine,
634 3205 701 3269 hoc
721 3215 786 3281 est,
807 3205 916 3282 caelo,
934 3216 1025 3270 sunt.

340 3299 413 3382 65.
444 3299 533 3382 Quia
549 3309 662 3365 toturn
680 3301 812 3365 caelum
828 3303 931 3366 refert
947 3321 1051 3366 unum
1064 3300 1251 3379 hominem,
1265 3311 1301 3368 et
1316 3325 1401 3388 quo·

276 3417 341 3480 que
357 3407 411 3459 est
431 3396 575 3459 Divinus
592 3395 784 3477 Spiritualis
802 3395 919 3460 Homo
937 3397 971 3460 in
992 3399 1145 3460 maxima
1160 3397 1279 3474 forma,
1297 3401 1401 3462 etiarn

275 3494 310 3556 in
333 3491 457 3572 effigie,
481 3491 559 3555 ideo
582 3492 804 3573 distinguitur
822 3491 956 3555 caelum
980 3493 1013 3554 in
1037 3493 1191 3555 membra
1213 3503 1250 3557 et
1273 3503 1400 3575 partes,

274 3589 362 3652 sicut
382 3585 498 3662 homo,
515 3596 551 3651 et
570 3607 705 3669 quoque
722 3588 943 3651 nominantur
958 3587 1137 3651 similiter:
1163 3587 1276 3652 sciunt
1295 3589 1401 3652 etiam

275 3683 402 3766 angeli,
422 3683 456 3745 in
476 3701 544 3765 quo
563 3681 718 3745 membro
737 3703 804 3746 una
822 3683 972 3746 societas
988 3692 1053 3758 est,
1074 3693 1110 3746 et
1129 3684 1163 3746 in
1183 3703 1251 3767 quo
1270 3683 1401 3764 altera;

674 3901 713 3956 (rx
726 3912 825 3945 menum
837 3905 1004 3957 cammua)

329 4016 406 4141 (qfq)
428 4013 518 4088 Quod
530 4015 647 4086 justitia
662 4016 692 4071 in
705 4015 806 4072 Verbo
819 4016 937 4072 dicatur
949 4017 988 4072 de
1001 4018 1091 4081 bono,
1104 4018 1251 4090 judicium
1264 4019 1303 4076 de
1313 4035 1401 4084 vero;

274 4087 345 4142 inde
366 4103 452 4142 acere
461 4087 607 4158 justitiam
618 4097 650 4142 et
661 4087 810 4158 judicium
821 4097 868 4143 est
877 4087 975 4144 iacere
984 4089 1096 4144 bonum
1108 4100 1139 4144 et
1152 4106 1256 4144 verum
1269 4091 1309 4160 (n.
1321 4102 1400 4161 2235,

274 4157 367 4228 98⁵7)·

328 4249 405 4318 (rrr)
425 4246 515 4320 Quod
536 4247 686 4334 Dominuu
709 4248 738 4303 in
759 4263 901 4334 supremo
919 4265 1009 4306 sensu
1032 4250 1071 4305 sit
1093 4252 1256 4322 proximus,
1275 4261 1306 4308 et
1330 4251 1401 4308 inde

273 4320 356 4392 quod
368 4335 469 4374 amare
480 4319 644 4404 Dominum
657 4329 696 4376 srt
708 4335 808 4377 amare
821 4321 851 4375 1d
864 4323 946 4392 quod
959 4323 997 4375 ab
1012 4319 1090 4392 Ipso,
1100 4323 1171 4394 quia
1184 4323 1213 4376 in
1224 4323 1307 4378 omni
1338 4323 1400 4378 uod

273 4392 312 4446 ab
327 4390 397 4462 Ipso
409 4401 456 4445 est
470 4389 547 4462 lpse,
561 4399 604 4444 rta
616 4393 729 4446 bonum
743 4401 774 4446 et
786 4408 891 4448 verum
904 4393 944 4464 (n.
958 4403 1036 4462 2425,
1050 4405 1128 4462 3419,
1138 4393 1217 4462 6706,
1230 4393 1310 4461 6711,
1359 4408 1399 4462 19.

272 4461 501 4603 682llrll¹e²rlllod
516 4533 733 4589 omnebonum
747 4533 829 4604 quod
847 4549 866 4590 a
885 4529 1019 4589 Domino
1031 4534 1071 4590 sit
1092 4535 1253 4605 proximus,
1266 4543 1298 4590 et
1315 4535 1399 4606 quod

272 4603 351 4659 uelle
364 4613 395 4659 et
408 4601 505 4660 iacere
519 4603 549 4659 id
562 4604 676 4660 bonurn
690 4604 729 4661 sit
741 4620 841 4660 amare
852 4606 1020 4677 proximum
1036 4609 1076 4676 (n.
1088 4605 1182 4677 5026[?
1191 4606 1279 4678 50281,
1291 4605 1398 4679 ¹033⁶)·
