3408 5358
478 620 529 672 DE
553 619 700 672 GAUDIO
722 621 771 672 ET
794 619 1025 673 FELICITATE
1047 621 1241 674 CAELESTI.
1360 625 1420 692 255

297 793 379 858 dum
399 792 433 858 in
450 792 586 858 caelum
605 791 727 869 evedti,
748 812 826 858 cum
845 793 1038 876 percipiunt
1056 792 1141 858 illud
1160 815 1206 858 ex
1224 794 1352 876 angelo
1374 815 1421 860 ex

297 889 369 972 ejus
391 892 519 956 amoris
541 890 701 973 sphaera,
723 891 911 974 implentur
933 891 996 956 tali
1022 889 1185 972 jucundo,
1209 902 1247 956 ut
1278 893 1421 958 veniant

296 989 393 1070 quasi
412 989 446 1052 in
464 987 566 1052 dulce
585 987 779 1071 deliquium.
826 987 903 1052 Hoc
922 987 1107 1070 aliquoties
1124 986 1251 1052 iactum
1269 999 1324 1054 est
1342 1009 1420 1054 cum

295 1085 363 1150 illis
395 1085 451 1168 qui
469 1085 713 1150 desiderabant
732 1087 820 1150 scire
839 1085 919 1168 quid
939 1086 1103 1168 gaudium
1122 1086 1284 1150 caeleste.

358 1197 458 1266 41⁰·
489 1181 639 1264 Quidam
661 1183 802 1265 spiritus
824 1183 930 1246 etiam
953 1182 1200 1248 desiderabant
1224 1185 1310 1248 scire
1340 1183 1421 1266 quid

296 1280 460 1362 gaudium
479 1280 656 1359 caeleste;
680 1281 759 1344 ideo
777 1299 980 1344 concessum
1000 1290 1055 1344 est
1074 1282 1248 1363 percipere
1267 1280 1352 1344 illud
1376 1281 1420 1344 ad

295 1395 374 1442 eum
396 1377 555 1458 gradum,
579 1387 616 1442 ut
646 1397 716 1442 non
739 1377 815 1460 plus
837 1377 1007 1442 sustinere
1029 1387 1208 1460 possenti
1228 1379 1290 1442 sed
1314 1399 1420 1461 usque

256 1530 257 1533 ,
296 1494 367 1540 non
396 1485 472 1538 erat
501 1475 665 1558 gaudium
694 1475 902 1557 angelicum,
932 1476 993 1539 vix
1021 1485 1096 1540 erat
1126 1476 1215 1539 sicut
1243 1476 1420 1556 minimum

295 1570 500 1653 angelicum,
515 1572 606 1654 quod
622 1574 842 1656 appercipere
858 1593 920 1655 per
935 1573 1284 1638 communicationem
1300 1575 1420 1638 datum

296 1677 361 1745 est,
389 1677 465 1732 erat
495 1678 568 1732 tam
596 1669 673 1734 leve
704 1679 742 1734 ut
772 1670 842 1734 sere
871 1669 1151 1752 frigidiusculum,
1180 1672 1272 1752 quod
1302 1681 1420 1736 tamen

295 1765 469 1830 vocabant
488 1765 785 1842 molestissimum,
802 1768 881 1850 quia
904 1775 980 1831 erat
997 1767 1157 1831 intimum
1175 1787 1317 1834 eorumr
1340 1771 1420 1834 inde

295 1863 482 1928 constabat
506 1882 575 1928 non
602 1863 713 1928 solum
736 1865 829 1946 quod
852 1864 1055 1945 gaudiorum
1077 1865 1165 1928 caeli
1187 1867 1315 1948 gradus
1337 1867 1419 1942 sint,

210 1995 211 1998 ¹
295 1961 356 2026 sed
380 1962 487 2024 etiam
510 1961 602 2044 quod
625 1962 785 2026 intimum
807 1963 906 2025 unius
928 1962 988 2024 vix
1011 1963 1158 2027 accedat
1187 1964 1231 2027 ad
1262 1963 1419 2028 ultimum

295 2068 355 2122 aut
374 2059 524 2122 medium
543 2059 707 2137 alterius;
737 2068 812 2122 tum
830 2058 922 2141 quod
945 2076 1023 2122 cum
1046 2059 1168 2142 aliquis
1187 2061 1344 2126 intimum
1368 2062 1419 2125 sui

295 2157 430 2238 accipit,
450 2157 485 2220 in
508 2156 635 2237 gaudio
653 2174 716 2221 suo
733 2155 877 2220 caelesti
897 2157 954 2230 sit,
973 2165 1011 2220 et
1033 2157 1126 2238 quod
1145 2155 1257 2221 adhuc
1275 2159 1418 2222 interius

296 2273 365 2318 non
384 2254 565 2328 sustineat,
585 2253 684 2334 eique
702 2251 918 2318 dolorificum
938 2252 1077 2316 evadat.
1179 2309 1181 2312 .

358 2363 451 2432 411·
481 2347 631 2430 Quidam
648 2349 787 2431 spiritus
806 2369 876 2414 non
895 2349 976 2414 mali
995 2347 1082 2430 lapsi
1101 2358 1182 2412 sunt
1201 2349 1235 2412 in
1254 2349 1417 2432 quietem,

296 2446 385 2510 sicut
404 2449 438 2510 in
463 2465 633 2521 somnum,
654 2457 691 2510 et
714 2447 762 2510 sic
782 2447 896 2533 quoad
916 2447 1089 2520 interiora,
1107 2467 1195 2528 quae
1214 2449 1340 2511 mentis
1360 2468 1419 2512 eo·

295 2563 381 2619 rum,
406 2544 569 2608 translati
592 2553 672 2608 sunt
702 2543 737 2608 in
764 2543 920 2620 caelum;
955 2562 1034 2606 nam
1058 2544 1208 2624 spiritus,
1232 2553 1419 2628 antequam

296 2642 459 2706 interiora
477 2661 594 2704 eorum
613 2650 735 2722 aperta
753 2650 846 2712 sunt,
866 2641 1041 2704 transferri
1059 2651 1204 2722 possunt
1223 2641 1258 2704 in
1274 2643 1418 2720 caelum,

296 2759 336 2804 ac
355 2739 478 2802 erudiri
498 2739 542 2802 de
564 2737 731 2802 felicitate
749 2737 885 2802 illorum
905 2739 961 2820 qui
983 2739 1030 2802 ibi
1048 2747 1139 2802 sunt.
1183 2737 1265 2800 Vidi
1287 2759 1347 2802 eos
1371 2741 1419 2804 sic

296 2837 465 2919 quievisse
483 2856 544 2918 per
562 2835 793 2910 semihorium,
812 2844 849 2899 et
867 2835 948 2900 dein
966 2835 1121 2916 relapsos
1139 2837 1173 2898 in
1191 2837 1367 2901 exteriora
1385 2839 1417 2901 in

296 2935 417 3016 quibus
433 2934 524 3014 prius
537 2941 648 3007 erant,
661 2942 697 2996 et
713 2951 848 3015 quoque
864 2941 946 2996 tunc
963 2933 998 2996 in
1013 2933 1289 2996 recordationem
1302 2954 1417 2998 eorum

297 3051 384 3114 quae
406 3032 576 3096 viderunt.
621 3029 794 3094 Dicebant
817 3029 909 3112 quod
938 3029 1062 3094 luerint
1091 3030 1183 3094 inter
1211 3029 1356 3112 angelos
1384 3033 1419 3095 in

297 3127 406 3202 caelo,
424 3137 460 3194 et
479 3127 571 3210 quod
590 3127 637 3192 ibi
653 3127 801 3191 viderint
817 3136 853 3191 et
872 3127 1089 3209 perceperint
1105 3129 1287 3208 stupenda,
1305 3129 1422 3192 omnia

297 3225 518 3308 splendentia
535 3225 624 3288 sicut
641 3245 688 3288 ex
707 3243 800 3300 auro,
820 3235 979 3306 argento,
999 3234 1037 3289 et
1060 3224 1228 3306 lapidibus
1248 3227 1419 3306 pretiosis,

297 3323 331 3386 in
364 3323 575 3386 admirandis
605 3321 732 3396 formis,
756 3341 844 3404 quae
874 3321 1095 3386 variabantur
1124 3321 1349 3400 mirabiliter;
1383 3335 1420 3388 et

297 3421 388 3504 quod
404 3419 520 3500 angeli
537 3439 605 3484 non
622 3416 788 3482 delectati
802 3419 871 3482 sint
885 3419 969 3500 ipsis
985 3419 1153 3492 externis,
1170 3419 1232 3482 sed
1250 3419 1317 3483 illis
1333 3442 1420 3503 quae

297 3517 619 3598 repraesentabant,
639 3536 727 3598 quae
746 3525 846 3580 erant
866 3515 991 3579 Divina
1009 3515 1204 3591 ineffabilia,
1225 3526 1261 3580 et
1284 3519 1418 3599 sapien·

298 3616 367 3679 tiae
390 3613 554 3690 infinitae,
579 3623 614 3678 et
637 3613 722 3678 haec
744 3613 869 3678 suerint
891 3612 957 3676 illis
979 3613 1129 3694 gaudio;
1163 3623 1300 3696 praeter
1321 3615 1420 3678 innu-

298 3731 402 3788 mera,
414 3732 502 3794 quae
518 3711 642 3792 linguis
654 3711 812 3774 humanis
829 3710 1026 3791 nequidem
1043 3711 1087 3774 ad
1104 3711 1268 3790 myriadis
1284 3721 1418 3792 partem

298 3819 442 3900 possent
466 3809 623 3891 exprimi,
647 3826 710 3872 nec
734 3807 858 3872 cadere
891 3807 925 3870 in
958 3807 1054 3870 ideas
1077 3807 1133 3872 ubi
1156 3807 1285 3890 aliquid
1308 3817 1419 3874 mate·

298 3906 391 3970 riale.

360 4016 455 4086 412·
485 4002 572 4066 Fere
591 4021 712 4066 omnes
730 4002 787 4084 qui
806 4002 840 4065 in
859 4001 1006 4066 alteram
1024 4002 1133 4066 vitam
1149 4003 1302 4078 veniunt,
1320 4003 1419 4085 igno·

299 4112 376 4166 rant
389 4101 469 4184 quid
485 4101 667 4164 beatitudo
683 4109 718 4164 et
734 4099 880 4164 felicitas
896 4099 1069 4175 caelestis,
1082 4101 1161 4182 quia
1173 4101 1253 4182 quid
1268 4111 1305 4165 et
1320 4102 1421 4184 quale

299 4199 460 4281 gaudium
480 4200 650 4262 internum
667 4198 836 4272 nesciunt,
856 4197 968 4262 solum
991 4217 1036 4261 ex
1061 4197 1204 4261 laetitiis
1227 4207 1263 4261 et
1285 4200 1420 4279 gaudiis

299 4297 471 4378 corporeis
491 4307 526 4360 et
546 4295 727 4359 mundanis
746 4296 1004 4378 perceptionem
1023 4295 1183 4375 capiunt:
1208 4315 1312 4376 quare
1329 4297 1419 4378 quod

299 4395 473 4476 ignorant,
497 4393 581 4458 nihil
604 4414 681 4458 esse
704 4401 841 4474 putant,
865 4411 942 4456 cum
965 4400 1082 4456 tamen
1106 4391 1232 4473 gaudia
1255 4412 1422 4475 corporea

299 4501 335 4556 et
359 4492 533 4555 mundana
555 4500 635 4554 sunt
657 4490 753 4554 nihili
775 4487 977 4571 respective.
1024 4487 1108 4553 Ideo
1131 4489 1240 4571 probi,
1264 4490 1321 4572 qui
1352 4511 1420 4554 non

300 4589 412 4653 sciunt
436 4588 516 4672 quid
539 4588 702 4672 gaudium
726 4587 891 4662 caeleste,
916 4595 954 4652 ut
978 4585 1091 4652 sciant
1122 4595 1159 4652 et
1193 4597 1419 4670 cognoscant,
