<?xml version="1.0" encoding="UTF-8"?>
<!DOCTYPE html PUBLIC "-//W3C//DTD XHTML 1.0 Transitional//EN"
    "http://www.w3.org/TR/xhtml1/DTD/xhtml1-transitional.dtd">
<html xmlns="http://www.w3.org/1999/xhtml" xml:lang="en" lang="en">
 <head>
  <title>
</title>
<meta http-equiv="Content-Type" content="text/html;charset=utf-8" />
  <meta name='ocr-system' content='tesseract 3.04.00' />
  <meta name='ocr-capabilities' content='ocr_page ocr_carea ocr_par ocr_line ocrx_word'/>
</head>
<body>
  <div class='ocr_page' id='page_1' title='image "./decaeloetejusmi00swedgoog_0040.png"; bbox 0 0 3368 5356; ppageno 0'>
   <div class='ocr_carea' id='block_1_1' title="bbox 312 621 1363 690">
    <p class='ocr_par' dir='ltr' id='par_1_1' title="bbox 312 621 1363 690">
     <span class='ocr_line' id='line_1_1' title="bbox 312 621 1363 690; baseline -0.005 -12"><span class='ocrx_word' id='word_1_1' title='bbox 312 625 428 678; x_wconf 82' lang='lat' dir='ltr'><strong>CAELI</strong></span> <span class='ocrx_word' id='word_1_2' title='bbox 447 623 686 678; x_wconf 88' lang='lat' dir='ltr'><strong>CONSISTUNT</strong></span> <span class='ocrx_word' id='word_1_3' title='bbox 703 623 754 676; x_wconf 77' lang='lat' dir='ltr'><strong>Ex</strong></span> <span class='ocrx_word' id='word_1_4' title='bbox 772 624 990 676; x_wconf 84' lang='lat' dir='ltr'>INNUMERIS</span> <span class='ocrx_word' id='word_1_5' title='bbox 1010 621 1292 676; x_wconf 80' lang='lat' dir='ltr'><strong>SOClETATIBUS.</strong></span> <span class='ocrx_word' id='word_1_6' title='bbox 1323 624 1363 690; x_wconf 81' lang='lat'><strong>33</strong></span> 
     </span>
    </p>
   </div>
   <div class='ocr_carea' id='block_1_2' title="bbox 240 796 1374 4211">
    <p class='ocr_par' dir='ltr' id='par_1_2' title="bbox 240 796 1374 4211">
     <span class='ocr_line' id='line_1_2' title="bbox 246 796 1364 883; baseline -0.002 -20"><span class='ocrx_word' id='word_1_7' title='bbox 246 800 399 864; x_wconf 88' lang='lat' dir='ltr'><strong>daturin</strong></span> <span class='ocrx_word' id='word_1_8' title='bbox 418 799 526 863; x_wconf 85' lang='lat' dir='ltr'><strong>caelo.</strong></span> <span class='ocrx_word' id='word_1_9' title='bbox 572 796 760 864; x_wconf 86' lang='lat' dir='ltr'><strong>Ostensum</strong></span> <span class='ocrx_word' id='word_1_10' title='bbox 774 800 879 864; x_wconf 89' lang='lat' dir='ltr'><strong>etiam</strong></span> <span class='ocrx_word' id='word_1_11' title='bbox 899 808 964 874; x_wconf 90' lang='lat' dir='ltr'><strong>est,</strong></span> <span class='ocrx_word' id='word_1_12' title='bbox 981 799 1155 883; x_wconf 91' lang='lat' dir='ltr'><strong>quomodo</strong></span> <span class='ocrx_word' id='word_1_13' title='bbox 1175 798 1364 862; x_wconf 87' lang='lat' dir='ltr'><strong>communis</strong></span> 
     </span>
     <span class='ocr_line' id='line_1_3' title="bbox 245 894 1365 978; baseline 0 -20"><span class='ocrx_word' id='word_1_14' title='bbox 245 895 433 959; x_wconf 88' lang='lat' dir='ltr'><strong>similitudo</strong></span> <span class='ocrx_word' id='word_1_15' title='bbox 455 896 605 960; x_wconf 90' lang='lat' dir='ltr'><strong>variatur</strong></span> <span class='ocrx_word' id='word_1_16' title='bbox 630 894 883 976; x_wconf 87' lang='lat' dir='ltr'><strong>particulariter</strong></span> <span class='ocrx_word' id='word_1_17' title='bbox 912 897 946 959; x_wconf 95' lang='lat' dir='ltr'><strong>in</strong></span> <span class='ocrx_word' id='word_1_18' title='bbox 978 894 1120 977; x_wconf 84' lang='lat' dir='ltr'><strong>singulis</strong></span> <span class='ocrx_word' id='word_1_19' title='bbox 1152 895 1207 978; x_wconf 83' lang='lat' dir='ltr'><strong>qui</strong></span> <span class='ocrx_word' id='word_1_20' title='bbox 1237 896 1270 958; x_wconf 91' lang='lat' dir='ltr'><strong>in</strong></span> <span class='ocrx_word' id='word_1_21' title='bbox 1298 915 1365 958; x_wconf 90' lang='lat' dir='ltr'><strong>una</strong></span> 
     </span>
     <span class='ocr_line' id='line_1_4' title="bbox 245 989 1363 1073; baseline 0 -19"><span class='ocrx_word' id='word_1_22' title='bbox 245 992 414 1054; x_wconf 89' lang='lat' dir='ltr'><strong>societate</strong></span> <span class='ocrx_word' id='word_1_23' title='bbox 433 1000 534 1053; x_wconf 87' lang='lat' dir='ltr'><strong>sunt:</strong></span> <span class='ocrx_word' id='word_1_24' title='bbox 566 999 640 1053; x_wconf 87' lang='lat' dir='ltr'><strong>erat</strong></span> <span class='ocrx_word' id='word_1_25' title='bbox 664 989 768 1054; x_wconf 84' lang='lat' dir='ltr'><strong>iacies</strong></span> <span class='ocrx_word' id='word_1_26' title='bbox 792 991 879 1054; x_wconf 92' lang='lat' dir='ltr'><strong>sicut</strong></span> <span class='ocrx_word' id='word_1_27' title='bbox 898 990 1067 1072; x_wconf 84' lang='lat' dir='ltr'><strong>angelica,</strong></span> <span class='ocrx_word' id='word_1_28' title='bbox 1088 1011 1175 1073; x_wconf 86' lang='lat' dir='ltr'><strong>quae</strong></span> <span class='ocrx_word' id='word_1_29' title='bbox 1199 989 1280 1054; x_wconf 92' lang='lat' dir='ltr'><strong>mihi</strong></span> <span class='ocrx_word' id='word_1_30' title='bbox 1303 1010 1363 1073; x_wconf 85' lang='lat' dir='ltr'><strong>ap·</strong></span> 
     </span>
     <span class='ocr_line' id='line_1_5' title="bbox 245 1081 1363 1168; baseline 0 -19"><span class='ocrx_word' id='word_1_31' title='bbox 245 1087 397 1168; x_wconf 87' lang='lat' dir='ltr'><strong>parebat,</strong></span> <span class='ocrx_word' id='word_1_32' title='bbox 419 1093 454 1148; x_wconf 91' lang='lat' dir='ltr'><strong>et</strong></span> <span class='ocrx_word' id='word_1_33' title='bbox 477 1085 562 1148; x_wconf 86' lang='lat' dir='ltr'><strong>haec</strong></span> <span class='ocrx_word' id='word_1_34' title='bbox 582 1085 778 1150; x_wconf 86' lang='lat' dir='ltr'><strong>variabatur</strong></span> <span class='ocrx_word' id='word_1_35' title='bbox 796 1085 983 1149; x_wconf 92' lang='lat' dir='ltr'><strong>secundum</strong></span> <span class='ocrx_word' id='word_1_36' title='bbox 1003 1081 1200 1150; x_wconf 64' lang='lat' dir='ltr'><strong>affectiones</strong></span> <span class='ocrx_word' id='word_1_37' title='bbox 1223 1085 1304 1148; x_wconf 93' lang='lat' dir='ltr'><strong>boni</strong></span> <span class='ocrx_word' id='word_1_38' title='bbox 1327 1095 1363 1149; x_wconf 90' lang='lat' dir='ltr'><strong>et</strong></span> 
     </span>
     <span class='ocr_line' id='line_1_6' title="bbox 243 1179 1363 1263; baseline 0 -19"><span class='ocrx_word' id='word_1_39' title='bbox 243 1181 323 1254; x_wconf 89' lang='lat' dir='ltr'><strong>veri,</strong></span> <span class='ocrx_word' id='word_1_40' title='bbox 341 1179 460 1262; x_wconf 88' lang='lat' dir='ltr'><strong>quales</strong></span> <span class='ocrx_word' id='word_1_41' title='bbox 476 1189 555 1243; x_wconf 89' lang='lat' dir='ltr'><strong>sunt</strong></span> <span class='ocrx_word' id='word_1_42' title='bbox 574 1181 663 1261; x_wconf 90' lang='lat' dir='ltr'><strong>apud</strong></span> <span class='ocrx_word' id='word_1_43' title='bbox 682 1179 761 1244; x_wconf 90' lang='lat' dir='ltr'><strong>illos</strong></span> <span class='ocrx_word' id='word_1_44' title='bbox 779 1181 835 1263; x_wconf 90' lang='lat' dir='ltr'><strong>qui</strong></span> <span class='ocrx_word' id='word_1_45' title='bbox 854 1181 889 1243; x_wconf 90' lang='lat' dir='ltr'><strong>in</strong></span> <span class='ocrx_word' id='word_1_46' title='bbox 908 1199 974 1242; x_wconf 90' lang='lat' dir='ltr'><strong>una</strong></span> <span class='ocrx_word' id='word_1_47' title='bbox 990 1181 1179 1258; x_wconf 89' lang='lat' dir='ltr'><strong>societate;</strong></span> <span class='ocrx_word' id='word_1_48' title='bbox 1202 1180 1363 1244; x_wconf 87' lang='lat' dir='ltr'><strong>variatio·</strong></span> 
     </span>
     <span class='ocr_line' id='line_1_7' title="bbox 245 1275 1363 1360; baseline 0.003 -22"><span class='ocrx_word' id='word_1_49' title='bbox 245 1296 305 1338; x_wconf 91' lang='lat' dir='ltr'><strong>nes</strong></span> <span class='ocrx_word' id='word_1_50' title='bbox 335 1275 414 1340; x_wconf 89' lang='lat' dir='ltr'><strong>illae</strong></span> <span class='ocrx_word' id='word_1_51' title='bbox 444 1275 675 1357; x_wconf 86' lang='lat' dir='ltr'><strong>persistebant</strong></span> <span class='ocrx_word' id='word_1_52' title='bbox 700 1275 776 1353; x_wconf 91' lang='lat' dir='ltr'><strong>diu;</strong></span> <span class='ocrx_word' id='word_1_53' title='bbox 810 1285 846 1339; x_wconf 92' lang='lat' dir='ltr'><strong>et</strong></span> <span class='ocrx_word' id='word_1_54' title='bbox 876 1275 1113 1350; x_wconf 87' lang='lat' dir='ltr'><strong>observabam,</strong></span> <span class='ocrx_word' id='word_1_55' title='bbox 1138 1276 1230 1359; x_wconf 91' lang='lat' dir='ltr'><strong>quod</strong></span> <span class='ocrx_word' id='word_1_56' title='bbox 1257 1297 1363 1360; x_wconf 89' lang='lat' dir='ltr'><strong>usque</strong></span> 
     </span>
     <span class='ocr_line' id='line_1_8' title="bbox 243 1369 1363 1454; baseline 0.002 -20"><span class='ocrx_word' id='word_1_57' title='bbox 243 1371 363 1435; x_wconf 88' lang='lat' dir='ltr'><strong>eadem</strong></span> <span class='ocrx_word' id='word_1_58' title='bbox 386 1371 490 1434; x_wconf 88' lang='lat' dir='ltr'><strong>iacies</strong></span> <span class='ocrx_word' id='word_1_59' title='bbox 523 1371 556 1433; x_wconf 94' lang='lat' dir='ltr'><strong>in</strong></span> <span class='ocrx_word' id='word_1_60' title='bbox 587 1370 759 1434; x_wconf 90' lang='lat' dir='ltr'><strong>communi</strong></span> <span class='ocrx_word' id='word_1_61' title='bbox 788 1370 877 1434; x_wconf 90' lang='lat' dir='ltr'><strong>sicut</strong></span> <span class='ocrx_word' id='word_1_62' title='bbox 907 1369 1047 1454; x_wconf 87' lang='lat' dir='ltr'><strong>planum</strong></span> <span class='ocrx_word' id='word_1_63' title='bbox 1075 1381 1302 1454; x_wconf 88' lang='lat' dir='ltr'><strong>permaneret,</strong></span> <span class='ocrx_word' id='word_1_64' title='bbox 1327 1382 1363 1436; x_wconf 90' lang='lat' dir='ltr'><strong>et</strong></span> 
     </span>
     <span class='ocr_line' id='line_1_9' title="bbox 243 1465 1363 1549; baseline 0 -19"><span class='ocrx_word' id='word_1_65' title='bbox 243 1467 333 1549; x_wconf 91' lang='lat' dir='ltr'><strong>quod</strong></span> <span class='ocrx_word' id='word_1_66' title='bbox 352 1465 502 1549; x_wconf 86' lang='lat' dir='ltr'><strong>reliquae</strong></span> <span class='ocrx_word' id='word_1_67' title='bbox 522 1475 639 1530; x_wconf 87' lang='lat' dir='ltr'><strong>essent</strong></span> <span class='ocrx_word' id='word_1_68' title='bbox 659 1467 764 1528; x_wconf 92' lang='lat' dir='ltr'><strong>modo</strong></span> <span class='ocrx_word' id='word_1_69' title='bbox 782 1465 1014 1530; x_wconf 85' lang='lat' dir='ltr'><strong>derivationes</strong></span> <span class='ocrx_word' id='word_1_70' title='bbox 1033 1475 1069 1530; x_wconf 91' lang='lat' dir='ltr'><strong>et</strong></span> <span class='ocrx_word' id='word_1_71' title='bbox 1094 1467 1363 1548; x_wconf 84' lang='lat' dir='ltr'><strong>propagationes</strong></span> 
     </span>
     <span class='ocr_line' id='line_1_10' title="bbox 244 1559 1362 1643; baseline 0 -19"><span class='ocrx_word' id='word_1_72' title='bbox 244 1561 342 1625; x_wconf 89' lang='lat' dir='ltr'><strong>inde:</strong></span> <span class='ocrx_word' id='word_1_73' title='bbox 367 1562 415 1624; x_wconf 93' lang='lat' dir='ltr'><strong>sic</strong></span> <span class='ocrx_word' id='word_1_74' title='bbox 435 1561 539 1624; x_wconf 89' lang='lat' dir='ltr'><strong>etiam</strong></span> <span class='ocrx_word' id='word_1_75' title='bbox 558 1561 721 1643; x_wconf 88' lang='lat' dir='ltr'><strong>perhanc</strong></span> <span class='ocrx_word' id='word_1_76' title='bbox 741 1561 863 1624; x_wconf 85' lang='lat' dir='ltr'><strong>faciem</strong></span> <span class='ocrx_word' id='word_1_77' title='bbox 882 1570 1046 1624; x_wconf 85' lang='lat' dir='ltr'><strong>ostensae</strong></span> <span class='ocrx_word' id='word_1_78' title='bbox 1065 1570 1145 1625; x_wconf 89' lang='lat' dir='ltr'><strong>sunt</strong></span> <span class='ocrx_word' id='word_1_79' title='bbox 1165 1559 1362 1626; x_wconf 71' lang='lat' dir='ltr'><strong>affectiones</strong></span> 
     </span>
     <span class='ocr_line' id='line_1_11' title="bbox 243 1654 1362 1739; baseline -0.001 -18"><span class='ocrx_word' id='word_1_80' title='bbox 243 1659 350 1721; x_wconf 88' lang='lat' dir='ltr'><strong>totius</strong></span> <span class='ocrx_word' id='word_1_81' title='bbox 369 1657 559 1730; x_wconf 89' lang='lat' dir='ltr'><strong>societatis,</strong></span> <span class='ocrx_word' id='word_1_82' title='bbox 578 1675 637 1737; x_wconf 86' lang='lat' dir='ltr'><strong>per</strong></span> <span class='ocrx_word' id='word_1_83' title='bbox 655 1675 739 1738; x_wconf 89' lang='lat' dir='ltr'><strong>quas</strong></span> <span class='ocrx_word' id='word_1_84' title='bbox 756 1657 931 1720; x_wconf 88' lang='lat' dir='ltr'><strong>variantur</strong></span> <span class='ocrx_word' id='word_1_85' title='bbox 946 1654 1051 1719; x_wconf 88' lang='lat' dir='ltr'><strong>l&#39;acies</strong></span> <span class='ocrx_word' id='word_1_86' title='bbox 1069 1655 1204 1720; x_wconf 90' lang='lat' dir='ltr'><strong>illorum</strong></span> <span class='ocrx_word' id='word_1_87' title='bbox 1224 1657 1279 1739; x_wconf 91' lang='lat' dir='ltr'><strong>qui</strong></span> <span class='ocrx_word' id='word_1_88' title='bbox 1297 1658 1362 1734; x_wconf 89' lang='lat' dir='ltr'><strong>ibi;</strong></span> 
     </span>
     <span class='ocr_line' id='line_1_12' title="bbox 243 1747 1363 1834; baseline 0.001 -19"><span class='ocrx_word' id='word_1_89' title='bbox 243 1771 333 1826; x_wconf 89' lang='lat' dir='ltr'><strong>nam,</strong></span> <span class='ocrx_word' id='word_1_90' title='bbox 353 1760 391 1814; x_wconf 93' lang='lat' dir='ltr'><strong>ut</strong></span> <span class='ocrx_word' id='word_1_91' title='bbox 422 1747 672 1834; x_wconf 63' lang='lat' dir='ltr'><strong>supradictum</strong></span> <span class='ocrx_word' id='word_1_92' title='bbox 703 1759 768 1824; x_wconf 91' lang='lat' dir='ltr'><strong>est,</strong></span> <span class='ocrx_word' id='word_1_93' title='bbox 795 1749 901 1814; x_wconf 83' lang='lat' dir='ltr'><strong>iacies</strong></span> <span class='ocrx_word' id='word_1_94' title='bbox 923 1750 1102 1832; x_wconf 84' lang='lat' dir='ltr'><strong>angelicae</strong></span> <span class='ocrx_word' id='word_1_95' title='bbox 1131 1761 1211 1814; x_wconf 89' lang='lat' dir='ltr'><strong>sunt</strong></span> <span class='ocrx_word' id='word_1_96' title='bbox 1234 1752 1363 1816; x_wconf 77' lang='lat' dir='ltr'><strong>formae</strong></span> 
     </span>
     <span class='ocr_line' id='line_1_13' title="bbox 242 1843 1329 1928; baseline -0.001 -18"><span class='ocrx_word' id='word_1_97' title='bbox 242 1847 441 1911; x_wconf 86' lang='lat' dir='ltr'><strong>interiorum</strong></span> <span class='ocrx_word' id='word_1_98' title='bbox 462 1863 609 1918; x_wconf 88' lang='lat' dir='ltr'><strong>suorum,</strong></span> <span class='ocrx_word' id='word_1_99' title='bbox 629 1846 678 1908; x_wconf 92' lang='lat' dir='ltr'><strong>ita</strong></span> <span class='ocrx_word' id='word_1_100' title='bbox 697 1843 913 1910; x_wconf 65' lang='lat' dir='ltr'><strong>affectionum</strong></span> <span class='ocrx_word' id='word_1_101' title='bbox 933 1865 1020 1928; x_wconf 90' lang='lat' dir='ltr'><strong>quae</strong></span> <span class='ocrx_word' id='word_1_102' title='bbox 1043 1846 1168 1909; x_wconf 87' lang='lat' dir='ltr'><strong>amoris</strong></span> <span class='ocrx_word' id='word_1_103' title='bbox 1186 1857 1222 1910; x_wconf 89' lang='lat' dir='ltr'><strong>et</strong></span> <span class='ocrx_word' id='word_1_104' title='bbox 1241 1846 1329 1910; x_wconf 86' lang='lat' dir='ltr'><strong>fidei.</strong></span> 
     </span>
     <span class='ocr_line' id='line_1_14' title="bbox 304 1938 1361 2026; baseline -0.001 -21"><span class='ocrx_word' id='word_1_105' title='bbox 304 1943 377 2026; x_wconf 82' lang='lat'><strong>48·</strong></span> <span class='ocrx_word' id='word_1_106' title='bbox 407 1941 493 2004; x_wconf 89' lang='lat' dir='ltr'><strong>Inde</strong></span> <span class='ocrx_word' id='word_1_107' title='bbox 513 1941 618 2004; x_wconf 87' lang='lat' dir='ltr'><strong>etiam</strong></span> <span class='ocrx_word' id='word_1_108' title='bbox 641 1938 691 2014; x_wconf 87' lang='lat' dir='ltr'><strong>fit,</strong></span> <span class='ocrx_word' id='word_1_109' title='bbox 712 1940 804 2026; x_wconf 90' lang='lat' dir='ltr'><strong>quod</strong></span> <span class='ocrx_word' id='word_1_110' title='bbox 823 1939 968 2022; x_wconf 85' lang='lat' dir='ltr'><strong>angelus</strong></span> <span class='ocrx_word' id='word_1_111' title='bbox 991 1942 1047 2022; x_wconf 89' lang='lat' dir='ltr'><strong>qui</strong></span> <span class='ocrx_word' id='word_1_112' title='bbox 1070 1951 1252 2022; x_wconf 89' lang='lat' dir='ltr'><strong>praestans</strong></span> <span class='ocrx_word' id='word_1_113' title='bbox 1272 1942 1361 2024; x_wconf 90' lang='lat' dir='ltr'><strong>sapi·</strong></span> 
     </span>
     <span class='ocr_line' id='line_1_15' title="bbox 242 2034 1361 2119; baseline -0.001 -18"><span class='ocrx_word' id='word_1_114' title='bbox 242 2038 335 2101; x_wconf 86' lang='lat' dir='ltr'><strong>entia</strong></span> <span class='ocrx_word' id='word_1_115' title='bbox 355 2045 420 2111; x_wconf 86' lang='lat' dir='ltr'><strong>est,</strong></span> <span class='ocrx_word' id='word_1_116' title='bbox 439 2036 556 2100; x_wconf 88' lang='lat' dir='ltr'><strong>videat</strong></span> <span class='ocrx_word' id='word_1_117' title='bbox 576 2035 669 2098; x_wconf 92' lang='lat' dir='ltr'><strong>illico</strong></span> <span class='ocrx_word' id='word_1_118' title='bbox 692 2055 737 2098; x_wconf 84' lang='lat' dir='ltr'><strong>ex</strong></span> <span class='ocrx_word' id='word_1_119' title='bbox 761 2034 846 2098; x_wconf 86' lang='lat' dir='ltr'><strong>iacie</strong></span> <span class='ocrx_word' id='word_1_120' title='bbox 865 2034 974 2117; x_wconf 90' lang='lat' dir='ltr'><strong>qualis</strong></span> <span class='ocrx_word' id='word_1_121' title='bbox 991 2035 1081 2098; x_wconf 91' lang='lat' dir='ltr'><strong>alter</strong></span> <span class='ocrx_word' id='word_1_122' title='bbox 1098 2045 1172 2112; x_wconf 91' lang='lat' dir='ltr'><strong>est;</strong></span> <span class='ocrx_word' id='word_1_123' title='bbox 1197 2056 1265 2100; x_wconf 91' lang='lat' dir='ltr'><strong>non</strong></span> <span class='ocrx_word' id='word_1_124' title='bbox 1283 2046 1361 2119; x_wconf 91' lang='lat' dir='ltr'><strong>pot-</strong></span> 
     </span>
     <span class='ocr_line' id='line_1_16' title="bbox 242 2129 1362 2214; baseline -0.002 -18"><span class='ocrx_word' id='word_1_125' title='bbox 242 2141 296 2196; x_wconf 87' lang='lat' dir='ltr'><strong>est</strong></span> <span class='ocrx_word' id='word_1_126' title='bbox 314 2133 492 2214; x_wconf 91' lang='lat' dir='ltr'><strong>quisquam</strong></span> <span class='ocrx_word' id='word_1_127' title='bbox 512 2130 556 2192; x_wconf 94' lang='lat' dir='ltr'><strong>ibi</strong></span> <span class='ocrx_word' id='word_1_128' title='bbox 576 2129 673 2192; x_wconf 92' lang='lat' dir='ltr'><strong>vultu</strong></span> <span class='ocrx_word' id='word_1_129' title='bbox 692 2131 880 2192; x_wconf 88' lang='lat' dir='ltr'><strong>recondere</strong></span> <span class='ocrx_word' id='word_1_130' title='bbox 896 2130 1070 2204; x_wconf 90' lang='lat' dir='ltr'><strong>interiora,</strong></span> <span class='ocrx_word' id='word_1_131' title='bbox 1088 2138 1123 2192; x_wconf 91' lang='lat' dir='ltr'><strong>et</strong></span> <span class='ocrx_word' id='word_1_132' title='bbox 1143 2129 1312 2205; x_wconf 85' lang='lat' dir='ltr'><strong>simulare,</strong></span> <span class='ocrx_word' id='word_1_133' title='bbox 1325 2141 1362 2194; x_wconf 92' lang='lat' dir='ltr'><strong>et</strong></span> 
     </span>
     <span class='ocr_line' id='line_1_17' title="bbox 242 2227 1374 2316; baseline -0.002 -20"><span class='ocrx_word' id='word_1_134' title='bbox 242 2251 379 2314; x_wconf 87' lang='lat' dir='ltr'><strong>prorsus</strong></span> <span class='ocrx_word' id='word_1_135' title='bbox 398 2249 467 2292; x_wconf 90' lang='lat' dir='ltr'><strong>non</strong></span> <span class='ocrx_word' id='word_1_136' title='bbox 484 2230 621 2292; x_wconf 91' lang='lat' dir='ltr'><strong>mentiri</strong></span> <span class='ocrx_word' id='word_1_137' title='bbox 640 2239 677 2292; x_wconf 89' lang='lat' dir='ltr'><strong>et</strong></span> <span class='ocrx_word' id='word_1_138' title='bbox 695 2227 814 2292; x_wconf 84' lang='lat' dir='ltr'><strong>fallere</strong></span> <span class='ocrx_word' id='word_1_139' title='bbox 834 2237 912 2292; x_wconf 89' lang='lat' dir='ltr'><strong>astu</strong></span> <span class='ocrx_word' id='word_1_140' title='bbox 931 2237 967 2292; x_wconf 90' lang='lat' dir='ltr'><strong>et</strong></span> <span class='ocrx_word' id='word_1_141' title='bbox 987 2229 1171 2310; x_wconf 84' lang='lat' dir='ltr'><strong>hypocrisi.</strong></span> <span class='ocrx_word' id='word_1_142' title='bbox 1216 2229 1374 2316; x_wconf 86' lang='lat' dir='ltr'><strong>Contin-¹</strong></span> 
     </span>
     <span class='ocr_line' id='line_1_18' title="bbox 242 2322 1359 2410; baseline 0.001 -20"><span class='ocrx_word' id='word_1_143' title='bbox 242 2329 293 2410; x_wconf 84' lang='lat' dir='ltr'><strong>git</strong></span> <span class='ocrx_word' id='word_1_144' title='bbox 312 2325 506 2408; x_wconf 85' lang='lat' dir='ltr'><strong>aliquoties,</strong></span> <span class='ocrx_word' id='word_1_145' title='bbox 526 2325 618 2406; x_wconf 90' lang='lat' dir='ltr'><strong>quod</strong></span> <span class='ocrx_word' id='word_1_146' title='bbox 637 2325 669 2386; x_wconf 94' lang='lat' dir='ltr'><strong>in</strong></span> <span class='ocrx_word' id='word_1_147' title='bbox 689 2325 877 2387; x_wconf 90' lang='lat' dir='ltr'><strong>societates</strong></span> <span class='ocrx_word' id='word_1_148' title='bbox 897 2343 934 2386; x_wconf 90' lang='lat' dir='ltr'><strong>se</strong></span> <span class='ocrx_word' id='word_1_149' title='bbox 953 2324 1126 2388; x_wconf 89' lang='lat' dir='ltr'><strong>insinuent</strong></span> <span class='ocrx_word' id='word_1_150' title='bbox 1146 2322 1359 2407; x_wconf 89' lang='lat' dir='ltr'><strong>hypocritae,</strong></span> 
     </span>
     <span class='ocr_line' id='line_1_19' title="bbox 242 2416 1361 2505; baseline 0 -21"><span class='ocrx_word' id='word_1_151' title='bbox 242 2421 298 2505; x_wconf 89' lang='lat' dir='ltr'><strong>qui</strong></span> <span class='ocrx_word' id='word_1_152' title='bbox 325 2416 438 2484; x_wconf 71' lang='lat' dir='ltr'><strong>edocti</strong></span> <span class='ocrx_word' id='word_1_153' title='bbox 472 2428 551 2482; x_wconf 91' lang='lat' dir='ltr'><strong>sunt</strong></span> <span class='ocrx_word' id='word_1_154' title='bbox 578 2418 765 2482; x_wconf 88' lang='lat' dir='ltr'><strong>recondere</strong></span> <span class='ocrx_word' id='word_1_155' title='bbox 792 2418 956 2480; x_wconf 88' lang='lat' dir='ltr'><strong>interiora</strong></span> <span class='ocrx_word' id='word_1_156' title='bbox 984 2438 1057 2492; x_wconf 87' lang='lat' dir='ltr'><strong>sua,</strong></span> <span class='ocrx_word' id='word_1_157' title='bbox 1086 2427 1122 2482; x_wconf 92' lang='lat' dir='ltr'><strong>et</strong></span> <span class='ocrx_word' id='word_1_158' title='bbox 1155 2437 1361 2502; x_wconf 87' lang='lat' dir='ltr'><strong>componere</strong></span> 
     </span>
     <span class='ocr_line' id='line_1_20' title="bbox 244 2511 1361 2598; baseline 0 -18"><span class='ocrx_word' id='word_1_159' title='bbox 244 2517 418 2580; x_wconf 88' lang='lat' dir='ltr'><strong>exteriora</strong></span> <span class='ocrx_word' id='word_1_160' title='bbox 449 2524 486 2578; x_wconf 91' lang='lat' dir='ltr'><strong>ut</strong></span> <span class='ocrx_word' id='word_1_161' title='bbox 518 2522 706 2596; x_wconf 86' lang='lat' dir='ltr'><strong>appareant</strong></span> <span class='ocrx_word' id='word_1_162' title='bbox 736 2513 769 2575; x_wconf 90' lang='lat' dir='ltr'><strong>in</strong></span> <span class='ocrx_word' id='word_1_163' title='bbox 800 2511 908 2576; x_wconf 81' lang='lat' dir='ltr'><strong>forma</strong></span> <span class='ocrx_word' id='word_1_164' title='bbox 930 2512 1023 2588; x_wconf 94' lang='lat' dir='ltr'><strong>boni,</strong></span> <span class='ocrx_word' id='word_1_165' title='bbox 1048 2515 1081 2576; x_wconf 91' lang='lat' dir='ltr'><strong>in</strong></span> <span class='ocrx_word' id='word_1_166' title='bbox 1111 2533 1179 2596; x_wconf 93' lang='lat' dir='ltr'><strong>quo</strong></span> <span class='ocrx_word' id='word_1_167' title='bbox 1201 2525 1282 2579; x_wconf 91' lang='lat' dir='ltr'><strong>sunt</strong></span> <span class='ocrx_word' id='word_1_168' title='bbox 1305 2518 1361 2598; x_wconf 89' lang='lat' dir='ltr'><strong>qui</strong></span> 
     </span>
     <span class='ocr_line' id='line_1_21' title="bbox 242 2608 1361 2689; baseline 0 -15"><span class='ocrx_word' id='word_1_169' title='bbox 242 2612 275 2674; x_wconf 91' lang='lat' dir='ltr'><strong>in</strong></span> <span class='ocrx_word' id='word_1_170' title='bbox 295 2611 476 2684; x_wconf 89' lang='lat' dir='ltr'><strong>societate,</strong></span> <span class='ocrx_word' id='word_1_171' title='bbox 497 2609 600 2672; x_wconf 90' lang='lat' dir='ltr'><strong>etsie</strong></span> <span class='ocrx_word' id='word_1_172' title='bbox 621 2608 756 2671; x_wconf 91' lang='lat' dir='ltr'><strong>mentiri</strong></span> <span class='ocrx_word' id='word_1_173' title='bbox 776 2608 861 2671; x_wconf 92' lang='lat' dir='ltr'><strong>lucis</strong></span> <span class='ocrx_word' id='word_1_174' title='bbox 880 2608 1044 2689; x_wconf 84' lang='lat' dir='ltr'><strong>angelos;</strong></span> <span class='ocrx_word' id='word_1_175' title='bbox 1073 2609 1133 2672; x_wconf 92' lang='lat' dir='ltr'><strong>sed</strong></span> <span class='ocrx_word' id='word_1_176' title='bbox 1156 2609 1191 2672; x_wconf 96' lang='lat' dir='ltr'><strong>hi</strong></span> <span class='ocrx_word' id='word_1_177' title='bbox 1215 2629 1283 2673; x_wconf 92' lang='lat' dir='ltr'><strong>non</strong></span> <span class='ocrx_word' id='word_1_178' title='bbox 1303 2611 1361 2674; x_wconf 92' lang='lat' dir='ltr'><strong>diu</strong></span> 
     </span>
     <span class='ocr_line' id='line_1_22' title="bbox 242 2701 1360 2787; baseline -0.002 -19"><span class='ocrx_word' id='word_1_179' title='bbox 242 2707 286 2770; x_wconf 95' lang='lat' dir='ltr'><strong>ibi</strong></span> <span class='ocrx_word' id='word_1_180' title='bbox 310 2706 434 2770; x_wconf 89' lang='lat' dir='ltr'><strong>morari</strong></span> <span class='ocrx_word' id='word_1_181' title='bbox 453 2714 609 2787; x_wconf 90' lang='lat' dir='ltr'><strong>possunt,</strong></span> <span class='ocrx_word' id='word_1_182' title='bbox 629 2704 796 2785; x_wconf 89' lang='lat' dir='ltr'><strong>incipiunt</strong></span> <span class='ocrx_word' id='word_1_183' title='bbox 816 2703 907 2766; x_wconf 91' lang='lat' dir='ltr'><strong>enim</strong></span> <span class='ocrx_word' id='word_1_184' title='bbox 931 2704 1010 2784; x_wconf 85' lang='lat' dir='ltr'><strong>angi</strong></span> <span class='ocrx_word' id='word_1_185' title='bbox 1034 2701 1187 2778; x_wconf 89' lang='lat' dir='ltr'><strong>interius,</strong></span> <span class='ocrx_word' id='word_1_186' title='bbox 1209 2703 1360 2777; x_wconf 87' lang='lat' dir='ltr'><strong>cruciari,</strong></span> 
     </span>
     <span class='ocr_line' id='line_1_23' title="bbox 242 2796 1361 2882; baseline -0.002 -20"><span class='ocrx_word' id='word_1_187' title='bbox 242 2799 406 2864; x_wconf 90' lang='lat' dir='ltr'><strong>livescere</strong></span> <span class='ocrx_word' id='word_1_188' title='bbox 421 2799 517 2873; x_wconf 87' lang='lat' dir='ltr'><strong>facie,</strong></span> <span class='ocrx_word' id='word_1_189' title='bbox 535 2809 570 2864; x_wconf 94' lang='lat' dir='ltr'><strong>et</strong></span> <span class='ocrx_word' id='word_1_190' title='bbox 590 2799 685 2882; x_wconf 88' lang='lat' dir='ltr'><strong>quasi</strong></span> <span class='ocrx_word' id='word_1_191' title='bbox 702 2797 909 2861; x_wconf 89' lang='lat' dir='ltr'><strong>exanimari:</strong></span> <span class='ocrx_word' id='word_1_192' title='bbox 935 2796 1128 2860; x_wconf 86' lang='lat' dir='ltr'><strong>alterantur</strong></span> <span class='ocrx_word' id='word_1_193' title='bbox 1143 2798 1193 2860; x_wconf 91' lang='lat' dir='ltr'><strong>ita</strong></span> <span class='ocrx_word' id='word_1_194' title='bbox 1212 2817 1257 2860; x_wconf 91' lang='lat' dir='ltr'><strong>ex</strong></span> <span class='ocrx_word' id='word_1_195' title='bbox 1277 2817 1361 2862; x_wconf 91' lang='lat' dir='ltr'><strong>con·</strong></span> 
     </span>
     <span class='ocr_line' id='line_1_24' title="bbox 242 2891 1360 2977; baseline -0.003 -18"><span class='ocrx_word' id='word_1_196' title='bbox 242 2897 421 2960; x_wconf 88' lang='lat' dir='ltr'><strong>trarietate</strong></span> <span class='ocrx_word' id='word_1_197' title='bbox 433 2896 527 2958; x_wconf 88' lang='lat' dir='ltr'><strong>vitae</strong></span> <span class='ocrx_word' id='word_1_198' title='bbox 543 2914 629 2977; x_wconf 93' lang='lat' dir='ltr'><strong>quae</strong></span> <span class='ocrx_word' id='word_1_199' title='bbox 642 2893 750 2956; x_wconf 86' lang='lat' dir='ltr'><strong>influit</strong></span> <span class='ocrx_word' id='word_1_200' title='bbox 767 2902 802 2958; x_wconf 92' lang='lat' dir='ltr'><strong>et</strong></span> <span class='ocrx_word' id='word_1_201' title='bbox 822 2902 1002 2975; x_wconf 90' lang='lat' dir='ltr'><strong>operatur;</strong></span> <span class='ocrx_word' id='word_1_202' title='bbox 1026 2911 1130 2975; x_wconf 90' lang='lat' dir='ltr'><strong>quare</strong></span> <span class='ocrx_word' id='word_1_203' title='bbox 1146 2913 1183 2955; x_wconf 89' lang='lat' dir='ltr'><strong>se</strong></span> <span class='ocrx_word' id='word_1_204' title='bbox 1200 2891 1360 2974; x_wconf 88' lang='lat' dir='ltr'><strong>dejiciunt</strong></span> 
     </span>
     <span class='ocr_line' id='line_1_25' title="bbox 241 2986 1359 3072; baseline -0.004 -18"><span class='ocrx_word' id='word_1_205' title='bbox 241 2999 385 3072; x_wconf 88' lang='lat' dir='ltr'><strong>repente</strong></span> <span class='ocrx_word' id='word_1_206' title='bbox 401 2990 434 3052; x_wconf 94' lang='lat' dir='ltr'><strong>in</strong></span> <span class='ocrx_word' id='word_1_207' title='bbox 450 2989 618 3053; x_wconf 81' lang='lat' dir='ltr'><strong>infernum</strong></span> <span class='ocrx_word' id='word_1_208' title='bbox 632 2988 687 3050; x_wconf 94' lang='lat' dir='ltr'><strong>ubi</strong></span> <span class='ocrx_word' id='word_1_209' title='bbox 701 2987 839 3062; x_wconf 88' lang='lat' dir='ltr'><strong>similes,</strong></span> <span class='ocrx_word' id='word_1_210' title='bbox 854 3007 917 3050; x_wconf 87' lang='lat' dir='ltr'><strong>nec</strong></span> <span class='ocrx_word' id='word_1_211' title='bbox 930 2986 1068 3050; x_wconf 90' lang='lat' dir='ltr'><strong>hiscunt</strong></span> <span class='ocrx_word' id='word_1_212' title='bbox 1081 2986 1226 3067; x_wconf 89' lang='lat' dir='ltr'><strong>amplius</strong></span> <span class='ocrx_word' id='word_1_213' title='bbox 1239 3007 1359 3050; x_wconf 90' lang='lat' dir='ltr'><strong>ascen·</strong></span> 
     </span>
     <span class='ocr_line' id='line_1_26' title="bbox 241 3082 1360 3166; baseline -0.004 -16"><span class='ocrx_word' id='word_1_214' title='bbox 241 3086 331 3150; x_wconf 88' lang='lat' dir='ltr'><strong>dere.</strong></span> <span class='ocrx_word' id='word_1_215' title='bbox 377 3083 464 3148; x_wconf 90' lang='lat' dir='ltr'><strong>Sunt</strong></span> <span class='ocrx_word' id='word_1_216' title='bbox 481 3084 530 3148; x_wconf 94' lang='lat' dir='ltr'><strong>illi</strong></span> <span class='ocrx_word' id='word_1_217' title='bbox 545 3085 601 3166; x_wconf 92' lang='lat' dir='ltr'><strong>qui</strong></span> <span class='ocrx_word' id='word_1_218' title='bbox 620 3082 857 3164; x_wconf 85' lang='lat' dir='ltr'><strong>intelliguntur</strong></span> <span class='ocrx_word' id='word_1_219' title='bbox 873 3102 933 3164; x_wconf 91' lang='lat' dir='ltr'><strong>per</strong></span> <span class='ocrx_word' id='word_1_220' title='bbox 951 3101 1039 3156; x_wconf 91' lang='lat' dir='ltr'><strong>eum,</strong></span> <span class='ocrx_word' id='word_1_221' title='bbox 1057 3083 1112 3164; x_wconf 91' lang='lat' dir='ltr'><strong>qui</strong></span> <span class='ocrx_word' id='word_1_222' title='bbox 1131 3083 1291 3146; x_wconf 89' lang='lat' dir='ltr'><strong>inventus</strong></span> <span class='ocrx_word' id='word_1_223' title='bbox 1306 3092 1360 3146; x_wconf 88' lang='lat' dir='ltr'><strong>est</strong></span> 
     </span>
     <span class='ocr_line' id='line_1_27' title="bbox 241 3175 1359 3258; baseline -0.004 -13"><span class='ocrx_word' id='word_1_224' title='bbox 241 3181 331 3245; x_wconf 88' lang='lat' dir='ltr'><strong>inter</strong></span> <span class='ocrx_word' id='word_1_225' title='bbox 343 3179 599 3243; x_wconf 87' lang='lat' dir='ltr'><strong>discumbentes</strong></span> <span class='ocrx_word' id='word_1_226' title='bbox 615 3189 651 3242; x_wconf 91' lang='lat' dir='ltr'><strong>et</strong></span> <span class='ocrx_word' id='word_1_227' title='bbox 667 3177 844 3249; x_wconf 89' lang='lat' dir='ltr'><strong>invitatos,</strong></span> <span class='ocrx_word' id='word_1_228' title='bbox 859 3196 927 3240; x_wconf 91' lang='lat' dir='ltr'><strong>non</strong></span> <span class='ocrx_word' id='word_1_229' title='bbox 944 3176 1083 3238; x_wconf 90' lang='lat' dir='ltr'><strong>indutus</strong></span> <span class='ocrx_word' id='word_1_230' title='bbox 1095 3184 1193 3238; x_wconf 91' lang='lat' dir='ltr'><strong>veste</strong></span> <span class='ocrx_word' id='word_1_231' title='bbox 1204 3175 1359 3258; x_wconf 89' lang='lat' dir='ltr'><strong>nuptiali,</strong></span> 
     </span>
     <span class='ocr_line' id='line_1_28' title="bbox 240 3269 1318 3357; baseline -0.006 -17"><span class='ocrx_word' id='word_1_232' title='bbox 240 3285 276 3341; x_wconf 91' lang='lat' dir='ltr'><strong>et</strong></span> <span class='ocrx_word' id='word_1_233' title='bbox 294 3271 421 3357; x_wconf 70' lang='lat' dir='ltr'><strong>ejectus</strong></span> <span class='ocrx_word' id='word_1_234' title='bbox 440 3275 474 3336; x_wconf 93' lang='lat' dir='ltr'><strong>in</strong></span> <span class='ocrx_word' id='word_1_235' title='bbox 494 3273 655 3336; x_wconf 89' lang='lat' dir='ltr'><strong>tenebras</strong></span> <span class='ocrx_word' id='word_1_236' title='bbox 673 3273 864 3335; x_wconf 88' lang='lat' dir='ltr'><strong>exteriores</strong></span> <span class='ocrx_word' id='word_1_237' title='bbox 886 3269 1025 3352; x_wconf 77' lang='lat' dir='ltr'><strong>(Mattk.</strong></span> <span class='ocrx_word' id='word_1_238' title='bbox 1045 3271 1129 3334; x_wconf 89' lang='lat' dir='ltr'><strong>xxii.</strong></span> <span class='ocrx_word' id='word_1_239' title='bbox 1154 3287 1201 3345; x_wconf 89' lang='lat'><strong>11,</strong></span> <span class='ocrx_word' id='word_1_240' title='bbox 1219 3269 1318 3354; x_wconf 89' lang='lat' dir='ltr'><strong>seq.).</strong></span> 
     </span>
     <span class='ocr_line' id='line_1_29' title="bbox 303 3365 1360 3454; baseline -0.003 -22"><span class='ocrx_word' id='word_1_241' title='bbox 303 3385 378 3454; x_wconf 77' lang='lat'><strong>49.</strong></span> <span class='ocrx_word' id='word_1_242' title='bbox 408 3367 675 3433; x_wconf 88' lang='lat' dir='ltr'><strong>Communicant</strong></span> <span class='ocrx_word' id='word_1_243' title='bbox 687 3385 807 3430; x_wconf 90' lang='lat' dir='ltr'><strong>omnes</strong></span> <span class='ocrx_word' id='word_1_244' title='bbox 820 3367 1009 3430; x_wconf 87' lang='lat' dir='ltr'><strong>societates</strong></span> <span class='ocrx_word' id='word_1_245' title='bbox 1022 3365 1108 3428; x_wconf 90' lang='lat' dir='ltr'><strong>caeli</strong></span> <span class='ocrx_word' id='word_1_246' title='bbox 1124 3366 1214 3428; x_wconf 90' lang='lat' dir='ltr'><strong>inter</strong></span> <span class='ocrx_word' id='word_1_247' title='bbox 1229 3386 1276 3440; x_wconf 89' lang='lat' dir='ltr'><strong>se,</strong></span> <span class='ocrx_word' id='word_1_248' title='bbox 1291 3386 1360 3429; x_wconf 92' lang='lat' dir='ltr'><strong>non</strong></span> 
     </span>
     <span class='ocr_line' id='line_1_30' title="bbox 241 3461 1361 3550; baseline -0.004 -21"><span class='ocrx_word' id='word_1_249' title='bbox 241 3487 301 3550; x_wconf 90' lang='lat' dir='ltr'><strong>per</strong></span> <span class='ocrx_word' id='word_1_250' title='bbox 320 3474 476 3546; x_wconf 90' lang='lat' dir='ltr'><strong>apertum</strong></span> <span class='ocrx_word' id='word_1_251' title='bbox 496 3463 748 3535; x_wconf 87' lang='lat' dir='ltr'><strong>commercium,</strong></span> <span class='ocrx_word' id='word_1_252' title='bbox 769 3461 868 3542; x_wconf 91' lang='lat' dir='ltr'><strong>pauci</strong></span> <span class='ocrx_word' id='word_1_253' title='bbox 886 3461 978 3524; x_wconf 89' lang='lat' dir='ltr'><strong>enim</strong></span> <span class='ocrx_word' id='word_1_254' title='bbox 996 3469 1127 3523; x_wconf 89' lang='lat' dir='ltr'><strong>exeunt</strong></span> <span class='ocrx_word' id='word_1_255' title='bbox 1150 3481 1169 3524; x_wconf 93' lang='lat' dir='ltr'><strong>e</strong></span> <span class='ocrx_word' id='word_1_256' title='bbox 1191 3461 1361 3524; x_wconf 83' lang='lat' dir='ltr'><strong>societate</strong></span> 
     </span>
     <span class='ocr_line' id='line_1_31' title="bbox 241 3548 1360 3632; baseline -0.004 -8"><span class='ocrx_word' id='word_1_257' title='bbox 241 3561 357 3624; x_wconf 90' lang='lat' dir='ltr'><strong>suain</strong></span> <span class='ocrx_word' id='word_1_258' title='bbox 380 3548 494 3632; x_wconf 88' lang='lat' dir='ltr'><strong>aliam,</strong></span> <span class='ocrx_word' id='word_1_259' title='bbox 516 3575 595 3620; x_wconf 90' lang='lat' dir='ltr'><strong>nam</strong></span> <span class='ocrx_word' id='word_1_260' title='bbox 618 3557 713 3620; x_wconf 90' lang='lat' dir='ltr'><strong>exire</strong></span> <span class='ocrx_word' id='word_1_261' title='bbox 736 3577 755 3619; x_wconf 90' lang='lat' dir='ltr'><strong>e</strong></span> <span class='ocrx_word' id='word_1_262' title='bbox 778 3557 949 3619; x_wconf 86' lang='lat' dir='ltr'><strong>societate</strong></span> <span class='ocrx_word' id='word_1_263' title='bbox 972 3565 1027 3618; x_wconf 91' lang='lat' dir='ltr'><strong>est</strong></span> <span class='ocrx_word' id='word_1_264' title='bbox 1051 3557 1138 3618; x_wconf 92' lang='lat' dir='ltr'><strong>sicut</strong></span> <span class='ocrx_word' id='word_1_265' title='bbox 1162 3557 1257 3620; x_wconf 88' lang='lat' dir='ltr'><strong>exire</strong></span> <span class='ocrx_word' id='word_1_266' title='bbox 1280 3575 1301 3618; x_wconf 92' lang='lat' dir='ltr'><strong>a</strong></span> <span class='ocrx_word' id='word_1_267' title='bbox 1324 3577 1360 3620; x_wconf 90' lang='lat' dir='ltr'><strong>se</strong></span> 
     </span>
     <span class='ocr_line' id='line_1_32' title="bbox 241 3651 1360 3732; baseline -0.002 -14"><span class='ocrx_word' id='word_1_268' title='bbox 241 3676 301 3718; x_wconf 91' lang='lat' dir='ltr'><strong>seu</strong></span> <span class='ocrx_word' id='word_1_269' title='bbox 320 3675 340 3718; x_wconf 93' lang='lat' dir='ltr'><strong>a</strong></span> <span class='ocrx_word' id='word_1_270' title='bbox 359 3655 517 3728; x_wconf 89' lang='lat' dir='ltr'><strong>suavita,</strong></span> <span class='ocrx_word' id='word_1_271' title='bbox 535 3661 570 3716; x_wconf 92' lang='lat' dir='ltr'><strong>et</strong></span> <span class='ocrx_word' id='word_1_272' title='bbox 588 3653 732 3714; x_wconf 88' lang='lat' dir='ltr'><strong>transire</strong></span> <span class='ocrx_word' id='word_1_273' title='bbox 752 3652 786 3714; x_wconf 94' lang='lat' dir='ltr'><strong>in</strong></span> <span class='ocrx_word' id='word_1_274' title='bbox 802 3651 904 3714; x_wconf 87' lang='lat' dir='ltr'><strong>aliam</strong></span> <span class='ocrx_word' id='word_1_275' title='bbox 922 3671 1008 3732; x_wconf 88' lang='lat' dir='ltr'><strong>quae</strong></span> <span class='ocrx_word' id='word_1_276' title='bbox 1025 3671 1093 3714; x_wconf 89' lang='lat' dir='ltr'><strong>non</strong></span> <span class='ocrx_word' id='word_1_277' title='bbox 1110 3652 1160 3714; x_wconf 92' lang='lat' dir='ltr'><strong>ita</strong></span> <span class='ocrx_word' id='word_1_278' title='bbox 1176 3651 1360 3730; x_wconf 85' lang='lat' dir='ltr'><strong>convenit;</strong></span> 
     </span>
     <span class='ocr_line' id='line_1_33' title="bbox 241 3746 1360 3828; baseline -0.002 -15"><span class='ocrx_word' id='word_1_279' title='bbox 241 3749 302 3814; x_wconf 92' lang='lat' dir='ltr'><strong>sed</strong></span> <span class='ocrx_word' id='word_1_280' title='bbox 322 3747 577 3812; x_wconf 90' lang='lat' dir='ltr'><strong>communicant</strong></span> <span class='ocrx_word' id='word_1_281' title='bbox 597 3765 717 3810; x_wconf 87' lang='lat' dir='ltr'><strong>omnes</strong></span> <span class='ocrx_word' id='word_1_282' title='bbox 737 3766 797 3826; x_wconf 89' lang='lat' dir='ltr'><strong>per</strong></span> <span class='ocrx_word' id='word_1_283' title='bbox 815 3746 1057 3810; x_wconf 83' lang='lat' dir='ltr'><strong>extensionem</strong></span> <span class='ocrx_word' id='word_1_284' title='bbox 1077 3746 1254 3828; x_wconf 87' lang='lat' dir='ltr'><strong>sphaerae,</strong></span> <span class='ocrx_word' id='word_1_285' title='bbox 1274 3766 1360 3828; x_wconf 89' lang='lat' dir='ltr'><strong>quae</strong></span> 
     </span>
     <span class='ocr_line' id='line_1_34' title="bbox 242 3839 1360 3926; baseline 0 -20"><span class='ocrx_word' id='word_1_286' title='bbox 242 3843 398 3926; x_wconf 93' lang='lat' dir='ltr'><strong>procedit</strong></span> <span class='ocrx_word' id='word_1_287' title='bbox 434 3863 480 3905; x_wconf 88' lang='lat' dir='ltr'><strong>ex</strong></span> <span class='ocrx_word' id='word_1_288' title='bbox 516 3843 588 3905; x_wconf 90' lang='lat' dir='ltr'><strong>vita</strong></span> <span class='ocrx_word' id='word_1_289' title='bbox 623 3840 787 3922; x_wconf 87' lang='lat' dir='ltr'><strong>cujusvis:</strong></span> <span class='ocrx_word' id='word_1_290' title='bbox 822 3839 969 3922; x_wconf 87' lang='lat' dir='ltr'><strong>sphaera</strong></span> <span class='ocrx_word' id='word_1_291' title='bbox 1001 3841 1095 3904; x_wconf 89' lang='lat' dir='ltr'><strong>vitae</strong></span> <span class='ocrx_word' id='word_1_292' title='bbox 1130 3849 1183 3904; x_wconf 88' lang='lat' dir='ltr'><strong>est</strong></span> <span class='ocrx_word' id='word_1_293' title='bbox 1215 3840 1360 3922; x_wconf 83' lang='lat' dir='ltr'><strong>sphaera</strong></span> 
     </span>
     <span class='ocr_line' id='line_1_35' title="bbox 241 3933 1359 4020; baseline -0.003 -19"><span class='ocrx_word' id='word_1_294' title='bbox 241 3936 459 4002; x_wconf 73' lang='lat' dir='ltr'><strong>affectionum</strong></span> <span class='ocrx_word' id='word_1_295' title='bbox 482 3957 569 4020; x_wconf 88' lang='lat' dir='ltr'><strong>quae</strong></span> <span class='ocrx_word' id='word_1_296' title='bbox 599 3937 725 4000; x_wconf 88' lang='lat' dir='ltr'><strong>amoris</strong></span> <span class='ocrx_word' id='word_1_297' title='bbox 755 3945 791 3999; x_wconf 86' lang='lat' dir='ltr'><strong>et</strong></span> <span class='ocrx_word' id='word_1_298' title='bbox 818 3933 917 4012; x_wconf 88' lang='lat' dir='ltr'><strong>fidei;</strong></span> <span class='ocrx_word' id='word_1_299' title='bbox 948 3935 1034 4000; x_wconf 91' lang='lat' dir='ltr'><strong>haec</strong></span> <span class='ocrx_word' id='word_1_300' title='bbox 1065 3955 1103 4000; x_wconf 87' lang='lat' dir='ltr'><strong>se</strong></span> <span class='ocrx_word' id='word_1_301' title='bbox 1130 3936 1292 4000; x_wconf 89' lang='lat' dir='ltr'><strong>extendit</strong></span> <span class='ocrx_word' id='word_1_302' title='bbox 1326 3936 1359 4000; x_wconf 93' lang='lat' dir='ltr'><strong>in</strong></span> 
     </span>
     <span class='ocr_line' id='line_1_36' title="bbox 242 4029 1360 4112; baseline 0.002 -18"><span class='ocrx_word' id='word_1_303' title='bbox 242 4035 427 4096; x_wconf 87' lang='lat' dir='ltr'><strong>societates</strong></span> <span class='ocrx_word' id='word_1_304' title='bbox 439 4033 658 4096; x_wconf 90' lang='lat' dir='ltr'><strong>circumcirca</strong></span> <span class='ocrx_word' id='word_1_305' title='bbox 673 4033 707 4094; x_wconf 91' lang='lat' dir='ltr'><strong>in</strong></span> <span class='ocrx_word' id='word_1_306' title='bbox 724 4030 865 4112; x_wconf 84' lang='lat' dir='ltr'><strong>longum</strong></span> <span class='ocrx_word' id='word_1_307' title='bbox 877 4039 913 4094; x_wconf 90' lang='lat' dir='ltr'><strong>et</strong></span> <span class='ocrx_word' id='word_1_308' title='bbox 929 4031 962 4092; x_wconf 90' lang='lat' dir='ltr'><strong>in</strong></span> <span class='ocrx_word' id='word_1_309' title='bbox 980 4029 1099 4106; x_wconf 88' lang='lat' dir='ltr'><strong>latum,</strong></span> <span class='ocrx_word' id='word_1_310' title='bbox 1114 4040 1150 4098; x_wconf 91' lang='lat' dir='ltr'><strong>et</strong></span> <span class='ocrx_word' id='word_1_311' title='bbox 1166 4052 1208 4095; x_wconf 88' lang='lat' dir='ltr'><strong>eo</strong></span> <span class='ocrx_word' id='word_1_312' title='bbox 1224 4030 1360 4112; x_wconf 85' lang='lat' dir='ltr'><strong>longius</strong></span> 
     </span>
     <span class='ocr_line' id='line_1_37' title="bbox 242 4121 1360 4211; baseline -0.002 -21"><span class='ocrx_word' id='word_1_313' title='bbox 242 4137 278 4190; x_wconf 92' lang='lat' dir='ltr'><strong>et</strong></span> <span class='ocrx_word' id='word_1_314' title='bbox 294 4127 407 4204; x_wconf 88' lang='lat' dir='ltr'><strong>latius,</strong></span> <span class='ocrx_word' id='word_1_315' title='bbox 424 4148 492 4211; x_wconf 91' lang='lat' dir='ltr'><strong>quo</strong></span> <span class='ocrx_word' id='word_1_316' title='bbox 508 4125 704 4190; x_wconf 71' lang='lat' dir='ltr'><strong>affectiones</strong></span> <span class='ocrx_word' id='word_1_317' title='bbox 720 4135 802 4190; x_wconf 88' lang='lat' dir='ltr'><strong>sunt</strong></span> <span class='ocrx_word' id='word_1_318' title='bbox 819 4126 1000 4190; x_wconf 89' lang='lat' dir='ltr'><strong>interiores</strong></span> <span class='ocrx_word' id='word_1_319' title='bbox 1020 4134 1056 4190; x_wconf 90' lang='lat' dir='ltr'><strong>et</strong></span> <span class='ocrx_word' id='word_1_320' title='bbox 1079 4121 1360 4207; x_wconf 67' lang='lat' dir='ltr'><strong>pert‘edtioresll‘*l</strong></span> 
     </span>
    </p>
   </div>
   <div class='ocr_carea' id='block_1_3' title="bbox 636 4345 959 4398">
    <p class='ocr_par' dir='ltr' id='par_1_3' title="bbox 636 4345 959 4398">
     <span class='ocr_line' id='line_1_38' title="bbox 636 4345 959 4398; baseline 0.006 -10"><span class='ocrx_word' id='word_1_321' title='bbox 636 4345 959 4398; x_wconf 67' lang='lat' dir='ltr'><strong>(mmmmm)</strong></span> 
     </span>
    </p>
   </div>
   <div class='ocr_carea' id='block_1_4' title="bbox 242 4411 1443 4593">
    <p class='ocr_par' dir='ltr' id='par_1_4' title="bbox 242 4411 1443 4593">
     <span class='ocr_line' id='line_1_39' title="bbox 296 4411 1443 4575; baseline -0.003 -68"><span class='ocrx_word' id='word_1_322' title='bbox 296 4451 365 4520; x_wconf 75' lang='lat' dir='ltr'><strong>(tob)</strong></span> <span class='ocrx_word' id='word_1_323' title='bbox 386 4449 477 4536; x_wconf 65' lang='lat' dir='ltr'><strong>Quod</strong></span> <span class='ocrx_word' id='word_1_324' title='bbox 489 4450 616 4536; x_wconf 65' lang='lat' dir='ltr'><strong>sphaera</strong></span> <span class='ocrx_word' id='word_1_325' title='bbox 628 4449 798 4534; x_wconf 73' lang='lat' dir='ltr'><strong>spiritualis,</strong></span> <span class='ocrx_word' id='word_1_326' title='bbox 811 4464 889 4575; x_wconf 60' lang='lat' dir='ltr'><strong>puae</strong></span> <span class='ocrx_word' id='word_1_327' title='bbox 901 4457 948 4532; x_wconf 69' lang='lat' dir='ltr'><strong>est</strong></span> <span class='ocrx_word' id='word_1_328' title='bbox 966 4411 1094 4534; x_wconf 71' lang='lat' dir='ltr'><strong>sphaera</strong></span> <span class='ocrx_word' id='word_1_329' title='bbox 1104 4449 1194 4533; x_wconf 72' lang='lat' dir='ltr'><strong>vitae,</strong></span> <span class='ocrx_word' id='word_1_330' title='bbox 1207 4446 1309 4504; x_wconf 81' lang='lat' dir='ltr'><strong>effluat</strong></span> <span class='ocrx_word' id='word_1_331' title='bbox 1324 4464 1361 4504; x_wconf 77' lang='lat' dir='ltr'><strong>es</strong></span> <span class='ocrx_word' id='word_1_332' title='bbox 1441 4473 1443 4480; x_wconf 95' lang='lat'>·</span> 
     </span>
     <span class='ocr_line' id='line_1_40' title="bbox 242 4519 1363 4593; baseline -0.001 -17"><span class='ocrx_word' id='word_1_333' title='bbox 242 4536 413 4593; x_wconf 78' lang='lat' dir='ltr'><strong>unoquovis</strong></span> <span class='ocrx_word' id='word_1_334' title='bbox 426 4521 556 4585; x_wconf 77' lang='lat' dir='ltr'><strong>homine.</strong></span> <span class='ocrx_word' id='word_1_335' title='bbox 568 4531 680 4593; x_wconf 80' lang='lat' dir='ltr'><strong>spurtu-</strong></span> <span class='ocrx_word' id='word_1_336' title='bbox 694 4531 726 4578; x_wconf 86' lang='lat' dir='ltr'><strong>et</strong></span> <span class='ocrx_word' id='word_1_337' title='bbox 743 4536 820 4592; x_wconf 74' lang='lat' dir='ltr'><strong>ange</strong></span> <span class='ocrx_word' id='word_1_338' title='bbox 832 4535 860 4584; x_wconf 91' lang='lat'><strong>0,</strong></span> <span class='ocrx_word' id='word_1_339' title='bbox 872 4529 904 4576; x_wconf 85' lang='lat' dir='ltr'><strong>et</strong></span> <span class='ocrx_word' id='word_1_340' title='bbox 921 4529 1127 4591; x_wconf 79' lang='lat' dir='ltr'><strong>circumstrpet</strong></span> <span class='ocrx_word' id='word_1_341' title='bbox 1143 4519 1210 4576; x_wconf 80' lang='lat' dir='ltr'><strong>illos</strong></span> <span class='ocrx_word' id='word_1_342' title='bbox 1230 4521 1270 4590; x_wconf 88' lang='grc' dir='ltr'>(ιι.</span> <span class='ocrx_word' id='word_1_343' title='bbox 1282 4519 1363 4588; x_wconf 58' lang='lat'><strong>4464</strong></span> 
     </span>
    </p>
   </div>
   <div class='ocr_carea' id='block_1_5' title="bbox 244 4591 516 4664">
    <p class='ocr_par' dir='ltr' id='par_1_5' title="bbox 244 4591 516 4664">
     <span class='ocr_line' id='line_1_41' title="bbox 244 4591 516 4664; baseline 0 -2"><span class='ocrx_word' id='word_1_344' title='bbox 244 4603 411 4664; x_wconf 70' lang='lat' dir='ltr'><strong>susum</strong></span> <span class='ocrx_word' id='word_1_345' title='bbox 425 4591 516 4663; x_wconf 76' lang='lat'><strong>⁸⁶³0)-</strong></span> 
     </span>
    </p>
   </div>
   <div class='ocr_carea' id='block_1_6' title="bbox 0 0 1688 5356">
    <p class='ocr_par' dir='ltr' id='par_1_6' title="bbox 0 0 1688 5356">
     <span class='ocr_line' id='line_1_42' title="bbox 0 0 1688 5356; baseline 0 1"><span class='ocrx_word' id='word_1_346' title='bbox 0 0 1688 5356; x_wconf 95' lang='lat' dir='ltr'><strong> </strong></span> 
     </span>
    </p>
   </div>
  </div>
 </body>
</html>
