3368 5356
552 679 735 744 QUATUOR
758 679 910 732 annuns
933 679 974 730 m
993 679 1130 732 canno.
1359 670 1401 751 87

345 867 445 939 140.
475 850 565 935 Quia
578 853 745 919 Dominus
757 862 796 918 ut
812 852 872 918 Sol
891 862 945 918 est
962 851 1105 918 Divinus
1123 851 1234 918 Amor
1251 862 1287 918 et
1306 852 1402 918 Divi-

282 969 345 1012 nus
364 949 475 1013 Amor
494 960 548 1014 est
567 951 677 1031 ipsum
697 949 858 1013 Divinum
875 947 1020 1024 Bonum,
1037 949 1116 1014 ideo
1131 948 1294 1012 Divinum
1309 950 1401 1032 quod
1472 1025 1484 1041 ι

281 1045 438 1126 procedit
461 1044 505 1107 ab
528 1044 620 1126 Ipso,
641 1045 732 1128 quod
755 1055 809 1110 est
833 1044 994 1108 Divinum
1014 1044 1125 1126 Ipsius
1147 1044 1181 1107 in
1204 1041 1312 1120 caelo,
1332 1043 1401 1108 dis-

203 1205 205 1210 ,
280 1137 458 1204 tinctionis
476 1159 580 1204 causa
591 1149 734 1204 vocatur
746 1139 907 1203 Divinum
920 1138 1061 1215 Verum,
1076 1139 1215 1204 tametsi
1233 1149 1288 1204 est
1305 1138 1401 1203 Divi-

281 1254 361 1299 num
385 1235 518 1299 Bonum
542 1236 675 1299 unitum
699 1235 824 1306 Divino
847 1233 952 1300 Vero.
996 1233 1157 1298 Divinum
1180 1233 1246 1298 hoc
1270 1231 1400 1304 Verum

280 1340 334 1397 est
354 1331 445 1416 quod
463 1341 608 1396 vocatur
623 1327 787 1396 Sanctum
803 1330 994 1413 procedens
1010 1331 1053 1394 ab
1069 1328 1161 1412 Ipso.

691 1619 993 1636 ἡ

775 1843 905 1930 [xvc]

511 2039 570 2106 Du
592 2053 775 2120 Qum-uon
799 2041 938 2106 Pnams
961 2054 1002 2104 ru
1021 2039 1164 2106 Casto

339 2249 432 2320 141.
462 2236 502 2300 In
533 2235 631 2301 caelo
653 2237 742 2300 sicut
772 2237 806 2300 in
830 2237 958 2300 mundo
987 2245 1067 2299 sunt
1090 2244 1238 2318 quatuor
1260 2233 1395 2318 plagae,

276 2332 399 2408 oriens,
424 2332 594 2409 meridies,
618 2333 791 2408 occidens,
814 2341 851 2396 et
877 2331 1078 2412 septentrio,
1102 2332 1259 2412 utrinque
1282 2331 1395 2394 deter-

277 2428 426 2491 minatae
446 2449 466 2491 a
484 2448 546 2491 suo
564 2427 661 2506 sole;
692 2427 725 2490 in
749 2426 846 2491 caelo
869 2447 890 2489 a
912 2425 992 2490 Sole
1011 2425 1098 2490 caeli
1121 2427 1176 2508 qui
1200 2434 1253 2489 est
1277 2425 1396 2489 Domi-

276 2542 349 2598 nus,
368 2523 400 2585 in
420 2523 549 2586 mundo
572 2543 592 2585 a
611 2522 683 2586 sole
702 2523 829 2585 mundi.
875 2519 943 2586 Sed
962 2541 1068 2604 usque
1087 2520 1270 2584 intercedit
1288 2519 1398 2584 multa

275 2615 476 2682 differentia.
520 2615 642 2681 Prima
665 2627 730 2694 est,
755 2616 846 2700 quod
876 2617 910 2679 in
933 2615 1061 2679 mundo
1083 2615 1218 2678 dicatur
1240 2614 1397 2678 meridies

276 2712 331 2776 ubi
356 2713 408 2777 sol
438 2715 472 2776 in
502 2714 656 2776 maxima
674 2733 736 2777 sua
758 2712 941 2776 altitudine
961 2731 1062 2794 supra
1080 2720 1208 2774 terram
1231 2719 1297 2786 est,
1317 2729 1395 2792 sep-

275 2807 403 2872 tentrio
419 2808 475 2870 ubi
491 2808 525 2871 in
541 2809 703 2890 opposito
715 2808 800 2871 inira
811 2819 939 2871 terram
952 2817 1016 2882 est,
1031 2807 1143 2870 oriens
1159 2805 1215 2868 ubi
1231 2806 1265 2866 in
1281 2805 1395 2886 aequi·

274 2900 396 2967 noctiis
415 2905 532 2979 oritur,
553 2913 589 2968 et
608 2905 770 2967 occidens
789 2903 845 2966 ubi
865 2913 946 2967 tunc
965 2902 1113 2965 occidit:
1145 2901 1194 2964 ita
1216 2901 1250 2963 in
1269 2899 1397 2962 mundo

274 3019 295 3062 a
317 2998 458 3062 meridie
481 2998 755 3062 determinantur
777 3017 899 3061 omnes
921 2996 1055 3078 plagae.
1096 2995 1137 3059 In
1160 2995 1258 3058 caelo
1280 3003 1395 3058 autem

274 3094 386 3157 oriens
401 3094 525 3159 dicitur
541 3093 595 3156 ubi
613 3093 782 3156 Dominus
798 3102 835 3156 ut
852 3091 911 3156 Sol
928 3099 1083 3174 apparet,
1100 3111 1146 3154 ex
1162 3091 1324 3172 opposito
1342 3099 1396 3152 est

273 3189 446 3264 occidens,
460 3189 504 3252 ad
521 3189 684 3252 dextrum
700 3189 734 3250 in
750 3187 849 3250 caelo
861 3197 915 3250 est
928 3187 1096 3260 meridies,
1110 3196 1145 3250 et
1162 3185 1206 3248 ad
1222 3185 1394 3248 sinistrum

273 3283 320 3346 ibi
342 3291 398 3346 est
420 3283 623 3364 septentrio,
644 3292 681 3345 et
710 3281 776 3345 hoc
807 3282 842 3343 in
873 3281 965 3344 omni
988 3280 1214 3344 conversione
1235 3278 1332 3341 faciei
1359 3287 1394 3341 et

273 3379 426 3460 corporis
450 3397 589 3456 eorum;
624 3377 673 3440 ita
701 3377 736 3440 in
763 3375 861 3440 caelo
891 3377 935 3438 ab
965 3377 1098 3439 oriente
1122 3375 1396 3438 determinantur

273 3491 393 3536 omnes
412 3472 545 3554 plagae.
592 3469 694 3553 Quod
719 3473 830 3535 oriens
849 3471 982 3534 dicatur
1004 3471 1060 3533 ubi
1084 3469 1251 3532 Dominus
1274 3477 1311 3531 ut
1334 3466 1394 3532 Sol

272 3578 427 3651 apparet,
448 3578 500 3632 est
524 3589 637 3642 causa,
653 3569 731 3650 quia
749 3569 860 3631 omnis
878 3566 972 3648 ongo
993 3566 1085 3630 vitae
1105 3576 1159 3631 est
1183 3565 1227 3628 ab
1251 3564 1331 3646 Ipso
1354 3573 1391 3627 ut

273 3661 374 3741 Sole;
399 3673 441 3727 et'
454 3684 588 3746 quoque
607 3673 772 3746 quantum
792 3663 881 3744 apud
901 3660 1045 3743 angelos
1062 3661 1224 3742 recipitur
1242 3658 1336 3722 calor
1358 3669 1393 3722 et

273 3758 334 3822 lux
347 3779 407 3823 seu
420 3779 515 3823 amor
527 3769 563 3823 et
579 3759 810 3841 intelligentia
825 3757 869 3821 ab
885 3757 976 3838 Ipso,
991 3765 1128 3821 tantum
1140 3755 1262 3819 dicitur
1275 3753 1393 3817 Domi·

273 3873 336 3918 nus
364 3855 496 3918 exoriri
515 3855 604 3936 apud
627 3854 725 3917 illos:
760 3853 840 3918 inde
863 3872 997 3937 quoque
1021 3860 1085 3926 est,
1110 3849 1202 3934 quod
1226 3848 1393 3913 Dominus

273 3950 307 4013 in
327 3948 445 4014 Verbo
463 3950 598 4013 dicatur
616 3946 805 4013 oriensis-*l

336 4061 430 4130 ψ.
458 4044 582 4109 Altera
593 4043 783 4110 differentia
795 4053 860 4121 est,
873 4043 965 4128 quod
981 4040 1114 4124 angelis
1127 4059 1294 4122 sempera
1308 4039 1393 4104 facie

273 4141 318 4206 sit
340 4141 465 4218 oriens,
485 4161 506 4204 a
528 4151 629 4225 tergo
652 4141 826 4216 occidens,
846 4141 891 4204 ad
914 4139 1077 4202 dextrum
1100 4137 1269 4210 meridies,
1288 4143 1325 4200 et
1348 4135 1392 4199 ad

672 4391 711 4445 <nr
723 4401 820 4434 mnu
831 4390 993 4446 mmm)

326 4504 393 4571 (xx)
419 4500 509 4574 Quod
526 4501 673 4557 Dominus
692 4503 722 4557 in
742 4518 881 4574 supremo
896 4517 986 4558 sensu
999 4502 1040 4557 sit
1058 4500 1174 4563 Oriens,
1187 4499 1258 4572 quia
1275 4509 1323 4556 est
1341 4497 1391 4556 Sol

272 4572 355 4635 caeli,
368 4573 420 4646 qui
439 4589 558 4645 semper
577 4573 607 4629 in
628 4583 696 4629 ortu
718 4583 750 4630 et
770 4589 917 4646 nusquam
940 4573 970 4630 iu
991 4587 1100 4632 ooctsu
1116 4581 1163 4628 est
1186 4573 1391 4642 (n.101,5097,

272 4643 364 4714 9⁶68).
