3382 5358
318 649 376 698 122
520 697 523 704 ,
653 649 703 700 DE
726 649 855 702 CAELO
879 651 927 702 ET
951 652 1133 703 INFERNO¹

312 816 418 884 adius.
464 817 649 901 Quomodo
671 821 751 886 illae
774 821 896 886 iterum
919 843 956 886 se
986 833 1188 889 consertant
1219 827 1253 890 in
1277 847 1431 910 corpore,

311 923 409 996 patet
424 915 615 998 aplexibus
627 918 737 991 variis,
752 925 789 980 ut
804 938 825 980 a
841 919 1016 994 cardiacis,
1032 922 1266 986 mesentericis
1282 933 1318 988 et
1334 923 1431 1003 aliis;

311 1019 347 1072 et
367 1031 502 1093 quoque
520 1032 541 1074 a
559 1011 657 1075 nodis
676 1012 733 1094 qui
751 1012 955 1094 gangliones
973 1025 1151 1091 vocantur,
1171 1017 1204 1079 in
1224 1037 1309 1099 quos
1328 1015 1432 1084 fibrae

312 1104 426 1188 plures
445 1126 491 1168 ex
510 1108 603 1170 omni
620 1109 795 1188 provincia
813 1107 955 1182 intrant,
976 1129 1015 1172 ac
1036 1109 1118 1172 inibi
1136 1131 1173 1174 se
1191 1113 1430 1188 commiscent,

311 1209 347 1264 et
370 1200 471 1264 aliter
493 1198 695 1282 conjundtae
714 1211 846 1266 exeunt
869 1203 913 1266 ad
936 1201 1137 1279 lundiiones,
1158 1215 1195 1270 et
1217 1205 1283 1270 boc
1307 1208 1430 1272 iterum

311 1305 346 1356 et
366 1295 508 1374 iterum;
537 1307 673 1378 praeter
692 1297 815 1360 similia
837 1297 872 1360 in
895 1299 1084 1380 unoquovis
1102 1301 1244 1376 viscere,
1265 1301 1429 1376 membro,

311 1408 452 1471 organo,
477 1401 513 1454 et
537 1391 701 1455 musculo.
748 1390 814 1472 Qui
837 1391 938 1455 oculo
960 1395 1116 1476 sapiente
1141 1394 1265 1460 lustrat
1288 1395 1374 1474 illas,
1394 1409 1430 1462 et

311 1484 407 1566 plura
430 1486 596 1548 mirabilia
619 1487 675 1561 ibi,
695 1487 836 1550 omnino
859 1486 1105 1571 obstupescet3
1136 1498 1172 1554 et
1193 1511 1298 1574 usque
1321 1513 1430 1574 pauca

310 1589 400 1655 sunt,
421 1600 507 1662 quae
527 1580 633 1644 oculis
650 1581 764 1659 videt3
788 1602 874 1664 quae
894 1602 961 1645 non
981 1583 1075 1647 videt
1095 1584 1206 1648 adhuc
1225 1587 1430 1652 mirabiliora

310 1685 401 1749 sunt,
425 1676 504 1757 quia
532 1676 719 1744 innatura
742 1677 914 1742 interiore.
959 1675 1061 1759 Quod
1091 1679 1150 1742 illa
1178 1679 1287 1743 forma
1316 1701 1427 1746 corre·

310 1768 480 1850 spondeat
512 1768 640 1834 formae
674 1769 771 1844 caeli,
803 1781 901 1852 patet
931 1772 1110 1836 manifeste
1146 1793 1191 1836 ex
1228 1777 1428 1856 operatione

309 1865 460 1926 omnium
471 1861 668 1928 intellectus
680 1873 715 1928 et
732 1864 920 1928 voluntatis
937 1867 970 1928 in
987 1865 1045 1930 illa
1060 1877 1096 1932 et
1112 1869 1300 1932 secundum
1313 1869 1426 1948 illam;

309 1959 467 2042 quicquid
487 1960 577 2022 enim
601 1959 705 2024 homo
724 1959 808 2034 vult,
829 1960 956 2024 labitur
974 1963 1162 2026 secundum
1185 1963 1278 2028 illam
1302 1977 1427 2047 sponte

309 2054 343 2117 in
365 2051 490 2126 adium.
511 2065 548 2118 et
566 2055 725 2138 quicquid
745 2057 890 2136 cogitat,
911 2058 1069 2138 pervadit
1088 2056 1189 2121 fibras
1212 2079 1233 2122 a
1256 2061 1427 2143 principiis

308 2169 422 2214 earum
435 2171 541 2232 usque
557 2151 601 2213 ad
618 2149 711 2226 lines,
726 2151 816 2214 unde
832 2171 971 2228 sensus;
995 2161 1030 2214 et
1047 2153 1125 2234 quia
1141 2163 1195 2216 est
1210 2153 1318 2216 forma
1331 2157 1426 2238 cogi·

308 2245 449 2309 tationis
462 2254 497 2308 et
512 2245 711 2322 voluntatis,
725 2255 779 2310 est
791 2246 899 2310 forma
910 2246 1163 2328 intelligentiae
1176 2258 1212 2311 et
1228 2250 1426 2329 sapientiae.

309 2339 406 2404 Haec
437 2340 545 2404 forma
574 2351 638 2416 est,
664 2362 750 2425 quae
779 2341 1025 2423 correspondet
1054 2342 1183 2406 formae
1212 2343 1317 2406 caeli:
1348 2345 1426 2410 inde

307 2437 383 2500 sciri
411 2447 538 2520 potest,
566 2438 657 2521 quod
687 2437 767 2502 talis
792 2439 836 2501 sit
865 2437 1054 2502 secundum
1078 2458 1180 2522 quam
1204 2459 1241 2503 se
1266 2442 1426 2506 extendit

307 2533 418 2596 omnis
438 2530 572 2596 affectio
590 2543 626 2596 et
646 2533 818 2614 cogitatio
836 2533 1050 2614 angelorum,
1071 2544 1107 2598 et
1126 2534 1217 2616 quod
1237 2544 1374 2600 tantum
1393 2537 1426 2600 in

306 2625 539 2707 intelligentia
558 2636 594 2691 et
614 2629 784 2708 sapientia
800 2628 880 2702 sint,
897 2637 1065 2710 quantum
1084 2631 1117 2691 in
1136 2629 1195 2692 illa
1210 2628 1320 2694 forma
1335 2641 1425 2695 sunt.

308 2719 410 2802 Quod
437 2721 636 2786 illalorma
666 2722 753 2786 caeli
776 2723 821 2786 sit
850 2743 896 2784 ex
930 2722 1057 2786 Divino
1088 2721 1250 2788 Humano
1274 2724 1424 2800 Domini,

306 2817 464 2880 videatur
487 2837 588 2898 supra
613 2815 660 2900 (n.
684 2816 816 2900 78-86).
862 2815 960 2880 Haec
983 2817 1092 2880 allata
1115 2828 1206 2894 sunt,
1230 2827 1268 2882 ut
1291 2839 1425 2902 quoque

306 2913 445 2984 sciatur,
462 2911 554 2992 quod
569 2911 678 2976 forma
695 2911 856 2975 caelestis
871 2911 949 2975 talis
966 2913 1022 2987 sit,
1043 2922 1080 2976 ut
1100 2932 1169 2976 non
1186 2914 1295 2995 possit
1311 2915 1424 2995 quoad

305 3007 501 3070 communia
517 3027 578 3069 sua
590 3025 732 3089 usquam
743 3007 925 3080 exhauriri,
939 3016 974 3070 et
991 3007 1039 3070 sic
1056 3007 1147 3089 quod
1163 3007 1424 3090 incomprehen-

305 3099 413 3165 sibilis
430 3101 476 3165 sit
495 3101 600 3166 etiam
618 3101 763 3184 angelis,
783 3111 821 3166 ut
839 3121 941 3184 supra
959 3099 1087 3166 didtum
1105 3110 1171 3168 est.

783 3648 947 3738 [xxm]

579 3845 638 3912 De
661 3847 921 3910 Reommmus
944 3859 986 3910 ru
1009 3844 1153 3912 Cauno,

366 4054 460 4124 213·
490 4039 580 4121 Quia
598 4039 730 4104 caelum
750 4035 949 4102 distindtum
966 4047 1020 4104 est
1040 4039 1074 4102 in
1093 4038 1291 4113 societates,
1310 4047 1348 4102 et
1366 4056 1424 4101 so·

304 4134 449 4198 cietates
472 4133 617 4214 majores
641 4135 835 4198 consistunt
865 4155 911 4197 ex
940 4133 1071 4215 aliquot
1095 4134 1251 4196 centenis
1274 4131 1423 4195 millibus

304 4228 507 4310 angelorum
529 4228 576 4312 (n.
603 4227 669 4311 50),
694 4239 730 4293 et
754 4249 874 4292 omnes
893 4230 984 4292 intra
1002 4229 1209 4292 societatem
1229 4228 1365 4310 quidem
1389 4227 1423 4290 in

303 4323 405 4387 simili
428 4324 520 4387 bono
543 4333 634 4396 sunt,
654 4324 715 4386 sed
738 4344 807 4386 non
830 4325 863 4386 in
888 4323 988 4386 simili
1012 4323 1181 4404 sapientia
1205 4320 1252 4404 (n.
1268 4320 1338 4403 43),
1363 4339 1423 4384 ne·

304 4420 453 4482 cessario
477 4420 640 4500 sequitur,
665 4419 756 4502 quod
781 4420 886 4482 etiam
910 4417 1077 4500 regimina
1101 4418 1192 4494 sint;
1223 4417 1309 4480 ordo
1332 4417 1423 4480 enim

304 4524 358 4578 est
375 4515 620 4590 observandus,
638 4533 677 4576 ac
694 4514 808 4576 omnia
824 4513 950 4576 ordinis
966 4513 1203 4578 custodienda.
1249 4509 1316 4603 Sed
1333 4512 1422 4592 regi·

304 4610 397 4674 mina
419 4610 453 4673 in
477 4609 580 4674 caelis
599 4619 680 4674 sunt
698 4609 810 4688 varia;
841 4607 907 4672 alia
930 4610 963 4672 in
987 4609 1209 4672 societatibus
1229 4627 1315 4690 quae
1339 4625 1422 4670 con·
