3350 5366
325 639 387 706 354
649 637 701 688 DE
723 637 850 690 CAELO
873 639 922 690 ET
945 639 1127 692 INFBRNO.

323 827 404 872 nam
422 828 443 872 a
462 817 564 892 tergo
582 815 637 872 est
657 817 694 872 et
712 817 883 892 operatur,
903 818 940 875 et
959 831 1095 895 quoque
1113 810 1242 895 aliquid
1264 812 1447 878 umbrosae

325 904 410 967 lucis
433 905 467 967 in
490 901 629 968 oculum
648 902 796 967 hominis
820 924 881 986 prr
903 907 1016 969 varios
1039 907 1205 970 transitus
1225 907 1448 974 circumcirca

323 999 457 1063 interea
474 998 646 1064 immittit.
693 998 733 1062 In
757 1000 887 1064 mundo
905 1001 1073 1084 spirituali
1091 1001 1204 1066 simile
1222 1013 1297 1080 est:
1321 1001 1382 1068 Sol
1401 1004 1448 1067 ibi

325 1103 379 1158 est
403 1093 573 1158 Dominus
596 1113 636 1158 ac
660 1092 805 1158 Divinus
824 1094 935 1158 Amor
956 1093 1004 1177 (n.
1026 1094 1209 1180 116-140);
1241 1097 1302 1160 lux
1325 1099 1372 1162 ibi
1393 1109 1449 1162 est

324 1190 485 1256 Divinum
502 1189 633 1254 Verum
651 1188 699 1272 (n.
723 1189 903 1274 126-140);
935 1191 1043 1256 nubes
1059 1193 1178 1275 nigrae
1197 1193 1242 1258 ibi
1261 1204 1342 1258 sunt
1361 1194 1448 1260 salsa

323 1305 369 1350 ex
389 1286 502 1365 malo;
525 1285 644 1350 oculus
662 1285 708 1348 ibi
730 1295 786 1350 est
809 1284 1018 1350 intellettus.
1063 1286 1241 1368 Quantum
1257 1288 1379 1372 aliquis
1401 1291 1447 1354 ibi

323 1382 357 1445 in
377 1380 471 1444 salsis
489 1402 536 1446 ex
554 1379 647 1444 malo
663 1390 729 1457 est,
749 1390 885 1446 tantum
900 1392 956 1446 est
971 1383 1097 1446 circum
1115 1382 1211 1446 illum
1227 1383 1307 1448 talis
1326 1385 1446 1460 nubes,

324 1476 423 1559 nigra
434 1485 469 1540 et
481 1477 696 1540 condensata
707 1475 895 1540 secundum
907 1477 1051 1558 gradum
1065 1477 1155 1542 mali.
1201 1477 1260 1542 Ex
1272 1498 1339 1562 qua
1350 1495 1446 1544 corn·
1482 1551 1486 1556 ,

323 1572 502 1654 paratione
522 1571 628 1634 videri
646 1579 777 1653 potest,
794 1572 886 1653 quod
906 1573 1103 1652 praesentia
1121 1571 1260 1636 Domini
1279 1584 1447 1656 perpetua

323 1667 368 1730 sit
388 1667 479 1746 apud
498 1666 768 1748 unumquemvis‚
789 1666 850 1730 sed
870 1667 963 1749 quod
982 1667 1211 1732 diversimode
1230 1669 1424 1749 recipiatur.

386 1776 491 1844 550.
527 1760 673 1843 Spiritus
701 1759 782 1824 mali
811 1762 846 1824 in
870 1761 998 1824 mundo
1022 1762 1200 1844 spirituum
1221 1762 1323 1826 valde
1346 1765 1445 1844 puni·

323 1865 436 1930 untur,
453 1865 490 1920 ut
510 1876 570 1937 per
586 1875 714 1937 poenas
733 1856 972 1921 deterreantur
990 1877 1011 1920 a
1029 1857 1128 1922 malis
1146 1856 1320 1922 faciendis.
1367 1858 1444 1924 Hoc

323 1973 457 2034 quoque
477 1962 620 2035 apparet
640 1953 728 2016 sicut
751 1973 771 2015 a
796 1951 956 2016 Domino.
1001 1951 1053 2016 At
1076 1973 1182 2035 usque
1206 1952 1290 2016 nihil
1313 1973 1445 2034 poenae

324 2049 369 2111 ibi
391 2057 489 2112 esta
518 2047 680 2124 Domino,
705 2049 765 2112 sed
788 2047 833 2112 ab
865 2049 941 2130 ipso
964 2047 1077 2126 malo;
1112 2067 1190 2112 nam
1215 2048 1343 2112 malum
1367 2068 1444 2112 cum

323 2163 384 2208 sua
407 2162 519 2224 poena
541 2143 592 2208 ita
613 2139 830 2224 conjunctum
853 2152 908 2207 est
931 2151 969 2206 ut
992 2143 1141 2224 separari
1165 2153 1361 2226 nequeant:
1393 2145 1444 2208 in·

323 2237 459 2302 sernalis
478 2239 569 2302 enim
589 2237 783 2302 turbanihil
807 2237 883 2319 plus
902 2238 995 2320 cupit
1014 2247 1051 2302 et
1073 2247 1168 2302 amat
1191 2257 1293 2320 quam
1317 2239 1444 2304 malum

323 2354 438 2414 agere,
462 2333 627 2416 imprimis
649 2353 779 2416 poenas
802 2332 955 2414 infligere
984 2341 1021 2396 et
1053 2333 1214 2408 cruciare,
1239 2343 1276 2396 et
1309 2354 1444 2417 quoque

323 2428 450 2492 malum
469 2427 598 2492 faciunt
621 2437 657 2492 et
680 2447 810 2510 poenas
828 2427 987 2508 infligunt
1010 2427 1116 2490 cuivis
1138 2428 1194 2509 qui
1218 2447 1286 2490 non
1309 2437 1445 2492 tutatur

323 2545 344 2587 a
360 2523 529 2602 Domino;
553 2533 761 2606 quapropter
772 2541 849 2586 cum
866 2522 993 2586 malum
1009 2521 1047 2586 fit
1062 2543 1109 2586 ex
1125 2522 1217 2585 malo
1233 2523 1347 2598 corde,
1360 2531 1444 2588 tunc

323 2620 401 2701 quia
418 2618 453 2682 id
475 2639 496 2682 a
518 2639 554 2682 se
574 2617 681 2699 rejicit
698 2635 836 2682 omnem
860 2615 1008 2682 tutelam
1030 2636 1051 2680 a
1074 2615 1236 2694 Domino,
1257 2617 1387 2682 irruunt
1409 2617 1444 2680 in

322 2713 429 2790 illum,
446 2715 503 2798 qui
522 2713 593 2778 tale
609 2712 737 2776 malum
752 2711 845 2787 lacit,
862 2711 1045 2776 infernales
1063 2712 1214 2794 spiritus,
1231 2721 1267 2776 et
1286 2713 1443 2794 puniunt.

326 2808 402 2873 Hoc
421 2809 584 2872 illustrari
602 2807 819 2890 aliquatenus
838 2816 957 2889 potest
976 2825 1022 2872 ex
1042 2806 1141 2871 malis
1163 2815 1199 2870 et
1221 2823 1339 2872 eorum
1359 2825 1443 2889 poe·

323 2905 376 2968 nis
399 2903 432 2968 in
456 2903 595 2978 mundo,
615 2903 670 2966 ubi
690 2902 794 2966 etiam
814 2898 997 2982 conjuncta
1016 2910 1106 2968 sunt.
1151 2899 1266 2983 Leges
1283 2901 1375 2964 enim
1397 2901 1445 2965 ibi

323 2998 558 3080 praescribunt
578 3017 725 3080 poenam
745 2997 850 3062 cuivis
869 2995 984 3076 malo;
1007 3005 1218 3078 quapropter
1235 2995 1292 3078 qui
1315 2996 1350 3058 in
1369 3013 1443 3058 ma·

323 3093 392 3156 lum
412 3093 517 3158 etiam
546 3092 580 3155 in
610 3110 758 3175 poenam
782 3090 862 3154 mali
892 3092 969 3156 ruit.
1014 3089 1217 3154 Differentia
1246 3089 1357 3154 solum
1376 3099 1442 3166 est,

322 3187 414 3271 quod
444 3186 571 3252 malum
597 3187 632 3250 in
662 3185 790 3250 mundo
820 3186 930 3268 possit
957 3184 1135 3260 abscondi,
1164 3203 1233 3248 non
1262 3193 1379 3248 autem
1408 3183 1443 3248 in

322 3282 433 3348 altera
450 3281 533 3346 vita.
578 3279 634 3344 Ex
653 3279 707 3344 his
730 3289 890 3344 constare
909 3288 1039 3362 potest,
1059 3277 1151 3362 quod
1170 3277 1339 3344 Dominus
1358 3277 1444 3342 nulli

323 3377 450 3442 malum
478 3375 604 3455 saciat;
636 3385 672 3440 et
702 3375 794 3458 quod
823 3375 889 3438 hoc
918 3394 1053 3457 quoque
1076 3371 1186 3438 simile
1216 3373 1261 3438 sit
1290 3373 1379 3438 sicut
1408 3373 1443 3436 in

324 3473 464 3548 mundo,
488 3470 580 3554 quod
604 3490 673 3534 non
692 3491 767 3546 rex,
791 3489 855 3534 nee
875 3467 995 3551 judex,
1020 3488 1084 3534 nec
1108 3467 1167 3532 lex
1189 3468 1259 3532 sint
1281 3468 1316 3532 in
1339 3485 1443 3534 causa

323 3567 413 3652 quod
433 3567 592 3650 puniatur
618 3585 706 3646 reus,
730 3565 808 3650 quia
837 3584 906 3630 non
935 3573 1015 3630 sunt
1045 3565 1079 3628 in
1108 3583 1212 3628 causa
1241 3562 1322 3628 mali
1351 3563 1442 3646 apud

323 3657 588 3728 malelat‘torem.
