3408 5358
401 705 453 756 DE
479 702 762 756 FUNCTIONIBUS
785 701 1025 754 ANGELORUM
1049 701 1091 752 IN
1114 701 1250 752 CAELO.
1338 701 1398 768 245

274 877 425 940 ordinati
444 885 536 954 sunt,
557 885 594 942 et
617 875 717 940 simul
736 876 864 957 sumpti
887 875 1017 939 faciunt
1040 885 1077 940 et
1100 873 1281 958 perficiunt
1304 893 1401 938 com·

276 969 415 1034 munem
432 991 541 1047 usum,
562 972 618 1055 qui
637 980 691 1034 est
711 990 893 1034 commune
909 971 1048 1034 bonum.

337 1079 440 1146 393·
474 1065 513 1128 In
533 1065 779 1130 ecclesiasticis
796 1073 876 1129 sunt
896 1065 945 1129 illi
964 1067 997 1128 in
1017 1063 1127 1141 caelo,
1144 1065 1201 1148 qui
1220 1065 1253 1127 in
1274 1064 1402 1128 mundo

276 1161 430 1224 Verbum
446 1170 660 1236 amaverunt,
679 1169 714 1225 et
732 1181 777 1224 ex
794 1160 964 1224 desiderio
980 1162 1230 1244 inquisiverunt
1246 1160 1292 1222 ibi
1309 1179 1401 1228 vera,

276 1277 345 1320 non
365 1265 506 1338 propter
523 1256 691 1319 honorem
711 1264 770 1318 aut
790 1255 931 1331 lucrum,
952 1255 1013 1319 sed
1033 1266 1176 1338 propter
1192 1274 1290 1318 usum
1310 1256 1402 1318 vitae

275 1361 311 1415 et
330 1372 412 1414 suae
431 1360 467 1415 et
491 1350 655 1428 aliorum;
683 1349 733 1414 illi
757 1350 945 1414 secundum
965 1370 1118 1414 amorem
1138 1359 1173 1414 et
1195 1350 1402 1412 desiderium

276 1467 355 1509 usus
371 1446 416 1508 ibi
432 1446 465 1508 in
483 1444 716 1508 illustratione
731 1454 811 1508 sunt
825 1463 867 1508 ac
885 1447 919 1508 in
936 1445 1012 1509 luce
1029 1446 1231 1538 sppientiae,
1249 1446 1402 1526 inquam
1498 1449 1502 1456 '

276 1541 382 1604 etiam
401 1541 545 1605 veniunt
569 1561 614 1605 ex
634 1540 754 1604 Verbo
777 1542 810 1603 in
830 1541 947 1616 caelis,
969 1541 1060 1622 quod
1081 1559 1149 1603 non
1170 1537 1327 1602 naturale
1347 1549 1402 1602 est

275 1637 366 1698 sicut
395 1637 429 1698 in
459 1637 600 1712 mundo,
625 1636 686 1698 sed
716 1635 894 1718 spirituale
920 1633 1092 1718 (videatur
1115 1655 1227 1716 supra,
1252 1653 1284 1696 n.
1312 1631 1401 1717 259).

276 1729 323 1793 Hi
353 1725 632 1812 praedicatorum
665 1751 804 1794 munere
833 1731 1031 1812 funguntur,
1063 1750 1103 1794 ac
1137 1731 1183 1792 ibi
1213 1729 1401 1792 secundum

275 1827 430 1889 ordinem
451 1826 611 1888 Divinum
636 1826 669 1888 in
692 1826 856 1908 superiori
880 1825 958 1888 loco
978 1835 1057 1888 sunt
1081 1825 1138 1907 qui
1162 1825 1332 1906 sapientia
1355 1845 1400 1886 ex

276 1920 506 1984 illustratione
530 1920 604 1983 aliis
627 1929 818 2002 praestant.
865 1920 904 1983 In
928 1918 1085 1983 civilibus
1108 1929 1188 1982 sunt
1212 1920 1260 1982 illi
1284 1919 1339 2000 qui
1366 1920 1401 1982 in

276 2016 405 2079 mundo
423 2024 626 2078 amaverunt
645 2015 791 2096 patriam
815 2024 851 2078 et
875 2013 947 2095 ejus
969 2033 1152 2078 commune
1171 2015 1299 2077 bonum
1318 2033 1400 2094 prae

276 2131 349 2186 suo,
369 2131 409 2174 ac
425 2110 554 2191 justum
574 2118 610 2172 et
630 2105 759 2172 ret'tum
779 2109 933 2173 fecerunt
952 2129 997 2172 ex
1017 2129 1133 2172 amore
1150 2109 1231 2190 justi
1250 2118 1286 2171 et
1306 2105 1400 2172 redii.

276 2204 452 2287 Quantum
473 2205 507 2267 hi
526 2225 571 2267 ex
592 2205 717 2267 amoris
736 2203 908 2267 desiderio
927 2205 1176 2286 inquisiverunt
1197 2202 1292 2284 leges
1304 2201 1398 2283 justi,

275 2321 314 2364 ac
338 2301 417 2364 inde
440 2301 680 2382 intelligentes
695 2298 776 2362 laeti
799 2309 890 2376 sunt,
912 2309 1048 2362 tantum
1073 2301 1106 2362 in
1131 2299 1299 2362 facultate
1318 2308 1399 2362 sunt

276 2395 539 2458 administrandi
557 2394 669 2458 officia
689 2396 723 2456 in
742 2395 852 2470 caelO,
873 2415 960 2477 quae
979 2397 1084 2457 etiam
1101 2395 1346 2457 administrant
1365 2395 1399 2456 in

276 2511 318 2554 eo
341 2490 420 2554 loco
442 2499 501 2554 aut
526 2490 634 2572 gradu
667 2490 702 2552 in
732 2509 800 2572 quo
823 2499 878 2553 est
901 2490 1136 2571 intelligentia
1158 2509 1287 2564 eorum,
1313 2509 1400 2571 quae

276 2587 483 2648 etiamtunc
508 2585 542 2648 in
566 2585 638 2666 pari
658 2585 767 2666 gradu
790 2593 844 2648 est
868 2603 946 2646 cum
970 2603 1086 2648 amore
1110 2605 1189 2647 usus
1216 2603 1278 2667 pro
1301 2603 1398 2648 com·

276 2681 367 2742 muni
385 2681 488 2743 bono.
533 2679 717 2744 Praeterea
735 2681 769 2742 in
786 2679 884 2742 caelo
903 2687 959 2742 tot
978 2677 1089 2742 officia
1104 2689 1140 2742 et
1159 2689 1215 2742 tot
1235 2680 1398 2742 adminis-

276 2776 443 2837 trationes
469 2783 560 2849 sunt,
588 2783 624 2837 et
655 2793 791 2856 quoque
821 2783 877 2837 tot
901 2793 1038 2855 operae,
1065 2784 1103 2838 ut
1133 2775 1323 2837 enumerari
1353 2773 1399 2836 ob

275 2871 408 2952 copiam
426 2879 620 2953 nequeant3
640 2871 674 2931 in
692 2869 820 2932 mundo
833 2878 912 2932 sunt
924 2889 1053 2950 paucae
1069 2867 1268 2951 respedtive.
1313 2867 1397 2932 Om-

276 2984 346 3039 nes,
370 2975 589 3047 quotcunque
620 2974 711 3038 sunt,
736 2965 770 3028 in
797 2963 950 3045 jucundo
979 2965 1030 3026 sui
1061 2967 1174 3046 operis
1205 2974 1241 3027 et
1272 2963 1398 3027 laboris

275 3069 354 3122 sunt
373 3079 418 3122 ex
438 3079 555 3123 amore
571 3077 661 3133 usus,
680 3067 716 3122 et
735 3079 838 3122 nemo
857 3079 901 3122 ex
920 3078 1037 3123 amore
1057 3061 1107 3122 sui
1124 3069 1182 3121 aut
1202 3059 1285 3122 lucri
1302 3079 1309 3137 ;
1333 3077 1401 3122 nec

274 3163 327 3217 est
338 3154 437 3217 alicui
450 3173 546 3216 amor
557 3152 639 3216 lucri
652 3153 698 3216 ob
709 3155 828 3228 vitam,
841 3155 919 3236 quia
932 3173 1052 3218 omnes
1065 3155 1292 3217 necessitates
1305 3155 1398 3218 vitae

274 3248 341 3312 illis
370 3250 479 3330 gratis
502 3249 697 3327 donantur;
731 3249 892 3312 habitant
915 3250 1035 3330 gratis,
1059 3251 1253 3314 vestiuntur
1275 3250 1396 3330 gratis,

274 3354 457 3408 vescuntur
480 3345 598 3425 gratis.
645 3343 701 3406 Ex
725 3345 845 3426 quibus
868 3354 978 3426 patet,
999 3345 1090 3428 quod
1114 3346 1170 3426 qui
1192 3353 1396 3408 amaverunt

275 3458 311 3503 se
340 3447 376 3503 et
406 3440 569 3502 mundum
594 3458 674 3519 prae
704 3459 776 3513 usu,
797 3459 866 3502 non
897 3441 929 3502 in
957 3439 1056 3502 caelo
1086 3439 1235 3520 aliquam
1266 3448 1398 3502 sortem

275 3535 446 3598 habeant:
479 3553 575 3598 amor
594 3535 684 3614 enim
706 3553 784 3596 suus
808 3555 868 3597 seu
890 3533 1026 3598 affectio
1049 3555 1110 3597 sua
1133 3544 1251 3598 manet
1274 3551 1395 3596 unum·

274 3630 427 3711 quemvis
451 3639 530 3709 post
553 3631 661 3692 vitam
685 3629 718 3690 in
743 3629 882 3704 mundo,
903 3649 966 3692 nec
990 3630 1203 3710 exstirpatur
1225 3630 1259 3691 in
1283 3638 1395 3691 aeter·

274 3743 355 3786 num
376 3722 550 3805 (videatur
568 3744 679 3806 supra,
700 3743 733 3786 n.
758 3723 845 3806 363).

336 3831 438 3900 394.
470 3817 622 3902 Quisque
648 3820 683 3882 in
711 3818 810 3882 caelo
838 3819 872 3881 in
902 3839 965 3882 suo
992 3837 1096 3900 opere
1126 3828 1179 3882 est
1208 3819 1395 3882 secundum

274 3915 627 3994 correspondentiam,
646 3924 681 3978 et
701 3913 1009 3994 correspondentia
1025 3933 1093 3976 non
1113 3923 1167 3976 est
1186 3931 1262 3976 cum
1279 3933 1394 3994 opere,

274 4006 334 4070 sed
359 4026 436 4069 curn
459 4027 521 4070 usu
551 4007 697 4088 cujusvis
721 4009 834 4088 operis
859 4005 1031 4088 (videatur
1053 4027 1165 4090 supra,
1191 4027 1222 4069 n.
1247 4007 1332 4089 112),
1358 4017 1394 4072 et

273 4102 580 4182 correspondentia
602 4111 656 4165 est
685 4103 836 4165 omnium
862 4100 910 4184 (n.
938 4102 1024 4184 106).
1070 4101 1137 4183 Qui
1170 4103 1203 4164 in
1238 4102 1336 4166 eaelo
1359 4103 1394 4165 in

273 4193 446 4259 fundtione
469 4207 529 4260 aut
558 4217 662 4278 opere
685 4198 978 4279 correspondente
1008 4197 1081 4260 usui
1111 4195 1183 4278 ejus
1212 4207 1276 4270 est,
1301 4199 1329 4260 is
1359 4198 1394 4260 in

274 4309 410 4371 prorsus
429 4291 529 4354 simili
552 4301 646 4356 statu
664 4293 757 4355 vitae
780 4302 834 4356 est
857 4293 890 4355 in
914 4313 982 4374 quo
1007 4291 1069 4355 fuit
1098 4292 1132 4354 in
1155 4292 1295 4368 mundo,
1313 4311 1393 4355 nam

273 4385 449 4466 spirituale
471 4395 507 4450 et
535 4386 692 4450 naturale
714 4407 819 4450 unum
843 4396 951 4468 agunt
974 4406 1035 4467 per
1056 4387 1392 4467 correspondentias,

273 4499 349 4542 cum
369 4479 560 4545 differentia
578 4491 705 4558 tamen,
725 4482 817 4564 quod
840 4484 874 4545 in
897 4483 1049 4545 interiori
1065 4481 1216 4562 jucundo
1238 4481 1294 4556 sit,
1315 4483 1392 4564 quia

273 4573 306 4634 in
325 4575 396 4636 vita
425 4575 604 4655 spirituali,
625 4595 712 4658 quae
735 4577 809 4639 vita
832 4577 973 4639 interior
996 4585 1061 4651 est,
1081 4585 1118 4639 et
1140 4575 1220 4638 inde
1243 4577 1391 4658 recepti·

273 4667 372 4734 bilior
390 4671 584 4734 beatudinis
603 4671 772 4735 caelestis.
