3382 5358
357 701 730 755 REPRAESENTATIVA
748 699 798 753 rt
816 699 1087 753 APPARENTIAE
1106 701 1148 752 IN
1166 700 1304 753 cnuto.
1340 701 1395 752 101

277 884 379 940 mur
393 893 497 959 supra
512 893 679 958 corpores
693 883 730 940 et
745 873 929 938 mundana.
972 871 1123 956 Angelis
1134 871 1304 955 sapientia
1318 871 1398 936 inde

276 979 341 1046 est,
360 980 397 1036 et
419 971 501 1036 talis
518 981 557 1036 ut
579 970 713 1036 dicatur
730 968 1099 1054 incomprehensibllis,
1119 969 1198 1054 qula
1216 985 1287 1032 nou
1305 968 1399 1032 cedit
1517 1035 1519 1042 ,

277 1065 312 1129 in
330 1065 427 1132 ideas
444 1082 532 1150 quae
550 1083 645 1130 mere
663 1083 710 1132 ex
729 1063 859 1130 talibus
876 1065 1083 1130 consistunt.

772 1561 900 1650 [xlx.]

307 1741 366 1808 Da
389 1743 775 1808 Rnsnnussunmvrs
797 1751 847 1804 ns
870 1737 1134 1804 Asssssurns
1156 1749 1199 1803 nt
1221 1735 1364 1804 cnuto.

338 1925 435 1996 17⁰.
465 1911 584 1978 Homo
602 1913 659 1996 qui
680 1933 727 1976 ex
750 1911 827 1976 solo
845 1909 995 1976 naturali
1013 1909 1140 1975 lumine
1159 1909 1306 1992 cogitat,
1325 1929 1396 1974 non

274 2008 568 2092 comprehendere
590 2015 720 2090 potest,
744 2007 836 2090 quod
860 2005 988 2090 aliquid
1021 2005 1056 2070 in
1087 2005 1185 2070 caelo
1212 2004 1323 2070 simile
1352 2007 1396 2070 sit

180 2164 184 2176 ,
274 2105 366 2188 quod
391 2105 426 2168 in
458 2104 608 2190 mundo;
637 2111 674 2167 et
698 2102 765 2168 hoc
791 2119 977 2176 excausa,
1003 2101 1083 2183 quia
1107 2121 1153 2164 ex
1180 2101 1241 2164 illo
1269 2099 1396 2164 lumine

188 2193 190 2196 ’
273 2199 489 2282 cogitaverat
512 2205 548 2264 et
571 2218 608 2262 se
632 2195 907 2272 confirmaverat,
927 2197 1019 2279 quod
1038 2195 1155 2278 angeli
1174 2196 1279 2260 modo
1298 2211 1395 2258 men·

273 2307 327 2360 tes
346 2295 427 2371 sint,
443 2303 480 2360 et
499 2293 591 2378 quod
608 2303 744 2358 mentes
762 2293 830 2357 sint
847 2292 944 2376 quasi
962 2301 1151 2376 pneumata
1166 2291 1341 2368 aetherea,
1358 2301 1396 2356 et

272 2389 352 2454 inde
371 2389 462 2473 quod
481 2388 550 2454 illis
572 2407 641 2452 non
665 2387 734 2452 sint
757 2408 878 2452 sensus
896 2388 953 2471 qui
975 2387 1115 2464 homini,
1135 2387 1186 2452 ita
1208 2407 1273 2452 nec
1292 2387 1394 2474 epuli,

273 2499 309 2550 et
328 2486 357 2549 si
375 2505 445 2550 non
461 2483 552 2549 oculi
567 2483 659 2566 quod
675 2503 739 2548 nec
755 2481 912 2564 objeft23
937 2503 1013 2548 curn
1030 2492 1148 2548 tamen
1164 2483 1298 2566 angelis
1314 2495 1395 2549 sunt

272 2600 393 2646 omnes
405 2599 526 2644 sensus
541 2580 598 2661 qui
614 2577 754 2652 bomini,
768 2579 874 2642 immo
890 2578 1001 2644 multo
1013 2578 1272 2660 exquisitiores3
1288 2579 1394 2642 etiam

272 2676 343 2750 lux,
363 2697 409 2740 ex
427 2695 494 2758 qua
512 2674 642 2749 vident,
663 2683 717 2738 est
736 2673 847 2736 multo
863 2673 1028 2738 illustrior
1043 2673 1120 2738 luce
1138 2695 1185 2738 ex
1203 2695 1270 2758 qua
1288 2673 1394 2738 homo

272 2772 378 2836 videt.
422 2769 525 2852 Quod
543 2769 660 2851 angeli
683 2770 753 2834 sint
772 2769 929 2834 homines
950 2771 985 2834 in
1008 2766 1257 2851 periefiissirna
1272 2769 1393 2844 forma,

271 2876 308 2932 et
337 2867 431 2930 omni
461 2884 564 2929 sensu
587 2864 774 2946 gaudeant,
798 2864 956 2928 videatur
979 2885 1082 2948 supra
1107 2863 1155 2948 (n.
1180 2865 1301 2948 73-77)
1314 2887 1322 2943 ;
1358 2873 1393 2930 et

272 2961 363 3044 quod
383 2961 443 3025 lux
466 2960 501 3024 in
523 2959 623 3024 caelo
645 2961 691 3024 sit
714 2959 825 3024 multo
844 2959 1010 3026 illustrior
1032 2961 1108 3026 luce
1137 2961 1172 3024 in
1191 2961 1319 3024 mundo
1345 2961 1393 3042 (n.

275 3054 446 3139 ηαδ-132).

334 3162 423 3231 171.
455 3147 581 3232 Qualia
600 3149 659 3213 illa
678 3169 765 3232 quae
784 3159 954 3233 apparent
972 3150 1107 3233 angelis
1130 3151 1164 3214 in
1187 3151 1302 3228 caelis,
1324 3172 1393 3214 non

272 3247 389 3330 paucis
404 3245 550 3310 describi
569 3255 708 3328 potest;
732 3255 813 3310 sunt
829 3246 943 3327 quoad
959 3245 1106 3310 multam
1122 3255 1255 3328 partem
1271 3245 1394 3313 similia

270 3341 337 3406 illis
366 3361 454 3424 quae
482 3341 518 3404 in
548 3339 684 3415 tellure,
713 3340 775 3404 sed
805 3340 918 3422 quoad
945 3340 1090 3405 sormam
1117 3339 1332 3424 persestiora,
1356 3351 1393 3405 et

270 3437 382 3520 quoad
402 3437 536 3519 copiam
559 3435 667 3518 plura.
712 3433 814 3516 Quod
837 3436 871 3498 in
894 3435 1000 3499 caelis
1023 3435 1108 3500 talia
1130 3437 1211 3511 sint,
1231 3447 1393 3502 constare

271 3540 388 3613 potest
405 3552 450 3596 ex
470 3530 536 3594 illis
551 3551 639 3612 quae
655 3531 729 3594 visa
744 3539 825 3594 sunt
844 3529 1046 3612 Prophetist
1070 3541 1108 3596 ut
1124 3552 1212 3614 quae
1227 3531 1397 3596 Ezechieli

271 3626 314 3690 de
333 3625 436 3690 Novo
450 3625 599 3708 Templo
622 3633 657 3689 et
679 3625 723 3690 de
746 3624 847 3688 Nova
864 3623 984 3701 Terra,
1004 3645 1092 3710 quae
1110 3625 1350 3690 describuntur
1372 3647 1393 3690 a

270 3739 345 3803 cap.
364 3719 412 3784 xl.
432 3720 477 3784 ad
500 3720 617 3799 xlviii3
647 3740 734 3802 quae
757 3718 902 3794 Danubii,
922 3741 943 3784 a
965 3740 1040 3803 cap.
1056 3721 1112 3785 vii.
1131 3721 1175 3784 ad
1198 3721 1281 3799 xii.;
1304 3741 1392 3804 quae

270 3813 434 3892 Jokannt
451 3835 472 3880 a
490 3817 603 3899 eapite
621 3817 733 3898 primo
747 3815 791 3878 ad
811 3815 934 3880 ultimo
951 3815 986 3878 in
1001 3815 1211 3898 Apocalypsi
1215 3839 1231 3890 ,·
1253 3827 1289 3880 et
1305 3837 1392 3900 quae

270 3909 357 3986 aliis,
382 3912 573 3994 dequibus
602 3921 675 3975 tam
711 3911 745 3975 in
772 3910 947 3974 historicis
978 3931 1081 3994 quarn
1115 3913 1149 3974 in
1180 3911 1392 3994 propheticis

270 4003 398 4071 Verbi:
423 4006 508 4071 talia
523 4005 591 4070 illis
604 4008 679 4070 visa
694 4015 872 4083 sunt,cum
885 4016 1043 4088 apertum
1059 4007 1128 4071 illis
1143 4016 1219 4072 erat
1236 4007 1391 4085 caelum;

270 4110 307 4166 et
328 4101 462 4166 caelum
480 4102 604 4184 aperiri
622 4103 756 4178 dicitur,
773 4121 852 4166 cum
870 4102 1014 4166 interior
1030 4103 1133 4178 visus,
1151 4103 1207 4184 qui
1226 4113 1280 4166 est
1299 4103 1392 4166 visus

270 4197 409 4280 spiritus
430 4199 590 4276 hominis,
610 4199 779 4280 aperitur:
810 4217 891 4262 nam
914 4218 1001 4282 quae
1023 4199 1186 4264 incaelis
1209 4207 1300 4272 sunt,
1321 4217 1391 4262 non

269 4293 375 4358 videri
394 4303 540 4377 possunt
559 4293 667 4358 oculis
689 4295 841 4376 corporis
865 4293 1023 4370 hominis,
1044 4293 1106 4358 sed
1125 4293 1233 4358 oculis
1251 4293 1391 4374 spiritus

270 4387 340 4469 ejus
355 4408 363 4466 ;
382 4399 419 4453 et
434 4409 511 4453 cum
524 4388 731 4472 beneplacet
748 4389 900 4453 Domino
911 4390 1110 4472 aperiuntur
1121 4388 1181 4464 illi,
1195 4406 1271 4451 cum
1285 4387 1391 4450 homo

269 4481 449 4548 abducitur
467 4505 488 4548 a
506 4481 632 4548 lumine
650 4483 807 4560 naturali,
824 4485 858 4547 in
875 4505 942 4567 quo
958 4495 1013 4549 est
1033 4507 1078 4549 ex
1095 4485 1250 4549 sensibus
1267 4503 1389 4565 corpo·

269 4579 324 4654 ris,
345 4587 381 4642 et
400 4578 557 4644 elevatur
575 4579 608 4642 in
628 4579 738 4642 lucem
756 4579 979 4662 spiritualem,
997 4581 1031 4643 in
1050 4590 1186 4663 quaest
1205 4601 1250 4643 ex
1268 4580 1389 4662 spiritu

269 4693 341 4739 suo.
387 4672 427 4738 ln
446 4674 506 4740 illa
524 4673 601 4739 luce
620 4675 702 4738 mibi
720 4675 794 4738 visa
812 4685 904 4751 sunt,
925 4677 1064 4756 quaein
1084 4676 1198 4740 caelis.
