3408 5358
444 646 494 694 DE
520 646 711 698 DlVlTlBUS
734 647 783 698 ET
807 647 1038 700 PAUPERIBUS
1062 649 1101 700 ΙΝ
1125 650 1260 702 CAELO.
1349 653 1411 720 223

289 816 381 880 vitae
401 833 511 898 paene
529 815 716 892 solitariae,
736 827 774 881 ut
793 837 854 899 per
872 815 1140 882 abstrattionem
1159 819 1412 901 cogitationum

288 931 310 975 a
333 912 525 986 mundanis,
544 923 709 977 vacarent
735 913 799 996 piis
819 913 1124 992 meditationibus3
1154 917 1338 980 credentes
1363 919 1411 982 sic

288 1007 422 1089 ingredi
437 1007 527 1069 viam
542 1007 652 1070 caeli:
679 1009 739 1072 sed
759 1007 808 1072 illi
826 1009 860 1070 in
879 1007 990 1072 altera
1006 1010 1078 1072 vita
1094 1010 1185 1073 tristi
1200 1011 1305 1092 genio
1320 1022 1411 1085 sunt,

289 1109 455 1182 spernunt
471 1101 558 1164 alios
577 1103 633 1184 qui
652 1118 721 1165 non
740 1103 804 1165 sibi
823 1103 952 1166 similes
971 1113 1062 1178 sunt,
1080 1103 1304 1185 indignantur
1318 1108 1411 1188 quod

288 1215 357 1260 non
375 1196 488 1260 ielicia
507 1217 590 1279 prae
608 1197 746 1280 reliquis
763 1199 960 1272 sortiantur,
978 1199 1160 1262 credentes
1179 1219 1216 1262 se
1236 1202 1411 1277 meruisse,

288 1311 350 1356 nec
361 1301 482 1356 curant
493 1293 589 1370 alios,
601 1302 637 1356 et
650 1302 813 1356 avertunt
823 1313 860 1356 se
872 1293 916 1356 ab
926 1291 1045 1356 officiis
1054 1293 1243 1369 charitatis,
1255 1313 1315 1378 per
1324 1315 1410 1378 quae

288 1385 484 1468 conjunblio
502 1397 556 1452 est
579 1407 656 1452 cum
674 1387 784 1451 caelo.
832 1385 975 1451 Caelum
994 1407 1075 1469 prae
1092 1384 1410 1471 reliquis'cupiunt3

288 1483 349 1546 sed
372 1501 449 1546 cum
473 1482 652 1546 elevantur
676 1483 732 1546 ubi
755 1481 871 1563 angeli
893 1491 985 1559 sunt,
1006 1483 1174 1546 inducunt
1197 1485 1408 1561 anxietates,

287 1597 375 1660 quae
393 1576 505 1640 felicia
524 1577 725 1659 angelorum
744 1577 969 1658 perturbant;
992 1587 1202 1659 quapropter
1220 1578 1409 1642 dissocian-

287 1681 352 1747 tur,
370 1691 410 1736 ac
430 1673 606 1736 dissociati
622 1671 803 1736 conferunt
821 1691 858 1735 se
877 1673 910 1735 in
930 1671 1007 1736 loca
1025 1672 1173 1748 deserta,
1191 1673 1248 1736 ubi
1263 1673 1410 1738 similem

262 1763 265 1770 ’
287 1767 406 1842 vitam,
425 1767 563 1850 qualem
582 1769 615 1830 in
635 1767 773 1843 mundo,
794 1765 939 1849 ¹¹¹agant.
985 1765 1102 1830 Homo
1121 1767 1164 1830 ad
1184 1767 1318 1832 caelum
1338 1787 1408 1834 non

286 1861 423 1926 formari
442 1873 571 1944 potest,
592 1863 657 1926 nisi
680 1881 741 1944 per
757 1863 942 1940 mundum;
966 1862 1013 1924 ibi
1032 1873 1113 1926 sunt
1133 1863 1244 1926 ultimi
1257 1861 1408 1942 effeetus,

286 1957 320 2020 in
340 1979 424 2040 quos
441 1959 658 2021 terminanda
672 1967 727 2022 est
746 1957 893 2038 cujusvis
908 1954 1065 2036 affetli03
1089 1977 1176 2040 quae
1195 1959 1259 2022 nisi
1278 1961 1409 2026 exserit

286 2073 323 2116 se
342 2073 402 2116 seu
421 2051 563 2116 effundit
581 2054 616 2116 in
635 2049 742 2126 attus,
762 2052 854 2134 quod
872 2051 911 2116 fit
931 2053 964 2114 in
983 2053 1154 2116 societate
1170 2052 1327 2133 plurium,
1341 2054 1408 2118 sul-

286 2147 419 2212 locatur
440 2147 510 2223 illa,
534 2148 675 2210 tandem
698 2147 797 2223 adeo,
822 2156 860 2211 ut
886 2146 992 2210 homo
1014 2167 1082 2210 non
1106 2143 1240 2228 spetlet
1263 2148 1409 2230 amplius

286 2243 492 2324 proximum,
511 2242 573 2304 sed
589 2251 701 2305 semet
714 2241 836 2304 solum.
882 2241 968 2304 Inde
981 2249 1090 2322 patet,
1104 2242 1195 2322 quod
1211 2242 1284 2304 vita
1297 2242 1408 2306 chari·

286 2338 370 2402 tatis
389 2357 473 2418 erga
491 2337 696 2418 proximum,
716 2357 803 2419 quae
822 2345 877 2400 est
895 2335 1007 2400 iacere
1022 2334 1151 2417 justum
1168 2345 1205 2398 et
1223 2333 1354 2400 reolum
1373 2339 1407 2400 in

285 2434 379 2497 omni
398 2451 502 2513 opere
520 2442 557 2494 et
580 2433 614 2494 in
637 2433 731 2494 omni
749 2428 934 2506 suntlione,
953 2431 1057 2494 ducat
1080 2429 1124 2493 ad
1147 2430 1305 2508 caelum;
1337 2451 1407 2496 non

285 2537 401 2591 autem
417 2529 490 2590 vita
502 2527 641 2610 pietatis
657 2526 785 2608 absque
797 2525 857 2588 illa
868 2523 907 2588 :ll
931 2534 1185 2608 consequenter
1197 2526 1287 2606 quod
1304 2545 1407 2590 exer·

285 2623 366 2686 titia
382 2622 562 2686 charitatis
578 2629 614 2685 et
630 2621 709 2684 inde
725 2621 938 2684 incrementa
954 2620 1044 2684 illius
1059 2621 1163 2695 vitae,
1181 2629 1317 2686 tantum
1334 2622 1407 2685 dari

284 2720 427 2800 possint,
452 2726 617 2799 quantum
640 2715 746 2779 homo
772 2717 805 2778 in
833 2717 983 2796 negotiis
1005 2725 1079 2792 est;
1110 2725 1145 2778 et
1175 2723 1313 2778 tantum
1337 2737 1406 2780 non

284 2813 367 2887 dari,
384 2823 550 2894 quantum
568 2831 606 2874 se
624 2819 780 2874 removet
794 2810 839 2873 ab
853 2809 930 2873 illis.
975 2810 1028 2873 De
1047 2809 1099 2873 his
1118 2809 1239 2892 loquar
1254 2830 1342 2874 nunc
1362 2811 1406 2874 ab

284 2908 509 2989 experientia.
554 2906 672 2970 Plures
690 2925 734 2968 ex
751 2904 891 2987 illisqui
908 2905 1205 2986 negotiationibus
1220 2913 1257 2970 et
1273 2924 1405 2971 merca·

284 3003 368 3067 turis
381 3019 519 3084 operam
536 3002 569 3064 in
583 3002 711 3064 mundo
723 2999 904 3076 dederunt,
918 3010 954 3064 et
970 3021 1105 3083 quoque
1119 3020 1179 3082 per
1190 2999 1268 3064 illas
1281 3002 1406 3066 divites

283 3094 364 3160 fatti
392 3107 484 3171 sunt,
508 3097 542 3160 in
573 3095 672 3160 caelo
696 3103 798 3173 sunt3
828 3096 1006 3178 pauciores
1033 3105 1150 3158 autem
1181 3115 1226 3158 ex
1254 3095 1321 3160 illis
1347 3098 1404 3179 qui

284 3191 444 3256 honorati
457 3200 538 3254 sunt
553 3200 589 3255 et
606 3191 731 3254 divites
746 3187 827 3253 ratu
843 3209 903 3272 per
914 3187 1125 3268 funttiones3
1149 3209 1311 3254 excausa
1326 3193 1405 3274 quia

284 3285 318 3349 hi
340 3305 401 3368 per
424 3285 632 3350 lucrationes
654 3294 691 3348 et
714 3305 775 3367 per
793 3285 942 3348 honores
965 3285 1011 3348 ob
1029 3284 1306 3366 dispensationes
1321 3284 1404 3366 justi

284 3391 319 3446 et
335 3379 429 3457 retli,
447 3391 520 3444 tum
536 3380 706 3445 lucrorum
722 3389 759 3443 et
777 3378 956 3452 honorum,
971 3379 1035 3442 sibi
1052 3380 1165 3454 datos,
1178 3377 1307 3444 indutti
1323 3391 1403 3444 sunt

284 3486 449 3541 semet'et
469 3476 632 3538 mundum
651 3494 778 3550 amate,
798 3483 835 3538 et
854 3494 914 3556 per
936 3473 970 3536 id
993 3475 1224 3554 cogitationes
1243 3485 1279 3538 et
1302 3473 1404 3538 affec-

284 3572 397 3635 tiones
416 3593 435 3634 e
454 3570 552 3634 caelo
571 3589 760 3644 removere,
784 3578 820 3632 et
840 3569 883 3632 ad
902 3588 939 3631 se
958 3578 1112 3630 vertere:
1138 3587 1217 3631 nam
1236 3579 1402 3651 quantum

283 3665 387 3730 homo
402 3676 514 3732 semet
533 3676 569 3730 et
589 3666 752 3730 mundum
768 3673 876 3738 amat,
892 3673 928 3728 et
947 3683 984 3728 se
1002 3683 1042 3726 ac
1059 3663 1223 3726 mundum
1241 3665 1275 3726 in
1292 3665 1401 3726 omni-

284 3761 346 3824 bus
364 3759 509 3844 apellat,
529 3770 667 3825 tantum
685 3780 723 3823 se
741 3757 917 3823 abalienat
940 3778 961 3821 a
983 3756 1120 3833 Divino,
1140 3777 1180 3821 ac
1203 3767 1360 3824 removet
1383 3779 1403 3822 a

282 3857 444 4034 ωεξὸῐ.
474 3947 555 4016 Sors
574 3950 719 4014 divitum
738 3947 772 4012 in
791 3945 891 4012 caelo
910 3955 964 4012 est
982 3945 1075 4024 talis,
1091 3945 1183 4030 quod
1205 3945 1240 4010 in
1258 3945 1401 4030 opulen-

669 4156 719 4211 [ln
731 4166 828 4199 mue
839 4153 1012 4208 mn

283 4260 647 4402 „attitulata
654 4254 1352 4412 mnvitlllaltl‘fiffflallm
1370 4267 1402 4314 ⁸³

338 4403 412 4460 Inde
424 4403 505 4474 quod
518 4403 649 4458 charitas
661 4418 731 4474 erga
764 4400 911 4455 roximum
925 4415 957 4454 se
969 4398 1114 4454 extendat
1125 4399 1164 4454 ad
1183 4413 1286 4454 omma
1297 4409 1329 4455 et
1341 4399 1402 4456 sin·

283 4474 361 4546 gula,
374 4489 451 4544 quae
464 4473 557 4528 bomo
568 4473 692 4558 cogitat.
705 4418 771 4528 vult
782 4481 814 4554 et
829 4469 901 4525 iacit
914 4471 956 4554 (n.
969 4469 1059 4554 brat).
1086 4539 1092 4552 .
1118 4539 1124 4553 ι

336 4543 426 4617 Quod
438 4545 502 4600 vita
514 4545 635 4614 pietatis
646 4543 758 4614 absque
769 4553 833 4596 vna
844 4541 1000 4596 chantatrs
1011 4541 1049 4596 ud
1063 4539 1136 4594 nrhtl
1146 4540 1254 4599 valeat.
1264 4541 1317 4596 sed
1332 4556 1401 4596 cum

284 4615 334 4670 illa
348 4615 497 4670 conducat
509 4615 545 4670 ad
561 4615 662 4670 omnia
676 4617 716 4682 (n.
730 4613 807 4683 8252,
818 4612 907 4682 8253).
