3368 5356
312 631 352 694 34
637 627 687 678 ns
709 627 835 680 cnuto
858 628 906 678 ss
929 627 1113 680 musano.

310 798 505 864 Secundum
528 799 770 863 extensionem
793 777 889 864 illam
912 809 966 866 est
988 799 1122 883 angelis
1144 798 1374 883 intelligentia
1396 811 1431 866 et

310 894 497 976 sapientia:
522 894 578 976 qui
594 894 627 956 in
641 895 763 958 intimo
776 895 874 959 caelo
887 904 979 970 sunt,
994 905 1030 960 et
1047 895 1092 958 ibi
1109 896 1143 958 in
1159 897 1285 972 medio,
1300 896 1430 961 habent

310 989 553 1052 extensionem
586 989 621 1052 in
651 989 844 1054 universum
867 989 1021 1068 caelum;
1059 991 1138 1053 inde
1162 993 1431 1056 communicatio

310 1085 461 1146 omnium
491 1085 577 1148 caeli
604 1092 658 1147 est
689 1103 766 1148 cum
794 1086 994 1168 unoquovis
1019 1094 1055 1148 et
1083 1085 1330 1166 uniuscujusvis
1353 1107 1430 1152 cum

310 1177 529 1243 omnibuslml
574 1177 642 1243 Sed
655 1179 698 1242 de
714 1179 779 1244 hac
792 1181 999 1244 extensione
1012 1180 1098 1244 infra
1111 1180 1243 1261 plenius
1257 1180 1430 1262 agendum

310 1283 375 1349 est,
399 1275 456 1338 ubi
485 1274 529 1338 de
562 1274 689 1339 Forma
719 1275 874 1350 caelesti,
902 1276 1090 1339 secundum
1120 1295 1222 1358 quam
1252 1275 1430 1358 angelicae

310 1367 503 1434 Societates
516 1371 707 1453 dispositae
723 1381 826 1450 sunt;
857 1380 893 1435 et
911 1391 1046 1454 quoque
1063 1371 1119 1434 ubi
1139 1371 1182 1434 de
1201 1369 1379 1453 Sapientia
1394 1381 1430 1434 et

310 1463 548 1547 Intelligentia
564 1466 786 1548 angelorum;
806 1485 886 1530 nam
906 1467 1017 1529 omnis
1036 1466 1198 1530 extensio
1213 1463 1427 1530 affectionum

311 1569 347 1624 et
365 1561 618 1641 cogitationum
639 1560 735 1625 vadit
753 1561 940 1626 secundum
960 1561 1055 1624 illam
1074 1561 1229 1624 sormam.

368 1671 443 1739 so.
475 1653 616 1719 Dictum
639 1676 740 1737 supra
762 1665 827 1732 est,
847 1657 939 1738 quod
962 1657 996 1720 in
1019 1656 1123 1719 caelis
1145 1657 1216 1720 sint
1239 1655 1428 1720 societates

310 1749 456 1832 majores
479 1761 515 1814 et
541 1752 713 1829 minores;
748 1751 894 1832 majores
920 1753 1117 1816 consistunt
1140 1773 1185 1815 ex
1206 1751 1427 1832 myriadibus,

312 1846 460 1910 minores
482 1866 528 1908 ex
551 1845 683 1929 aliquot
706 1845 867 1922 millibus,
887 1855 922 1910 et
940 1848 1101 1910 minimae
1123 1867 1169 1909 ex
1193 1845 1324 1928 aliquot
1347 1863 1428 1909 cen·

308 1942 398 2004 tenis
427 1939 570 2022 angelis.
626 1939 715 2004 Sunt
744 1943 850 2004 etiam
877 1942 934 2024 qui
963 1941 1106 2005 solitarii
1133 1941 1305 2016 habitant,
1333 1942 1429 2024 quasi

310 2036 431 2099 domus
447 2045 483 2098 et
500 2036 632 2109 domus,
646 2035 773 2100 familia
788 2044 824 2100 et
840 2036 989 2115 familia3
1012 2037 1047 2100 hi
1063 2037 1203 2101 tametsi
1220 2037 1270 2099 ita
1286 2036 1429 2118 dispersi

310 2130 441 2206 vivunt,
459 2149 565 2212 usque
582 2129 737 2194 similiter
752 2131 901 2194 ordinati
916 2140 1008 2206 sunt,
1026 2132 1115 2196 sicut
1131 2131 1180 2194 illi
1195 2132 1251 2213 qui
1267 2131 1301 2194 in
1318 2131 1428 2195 socie·

310 2225 451 2300 tatibus,
469 2224 559 2308 quod
577 2243 700 2306 nempe
716 2225 942 2307 sapientiores
958 2225 1094 2290 illorum
1113 2227 1146 2289 in
1166 2225 1279 2288 medio
1295 2225 1376 2302 sint,
1394 2233 1429 2288 et

309 2320 532 2402 simpliciores
555 2320 589 2383 in
613 2319 788 2383 terminis:
823 2319 857 2384 hi
879 2321 1019 2403 propius
1042 2321 1104 2385 sub
1126 2321 1277 2403 auspicio
1301 2319 1428 2385 Divino

310 2414 451 2478 Domini
469 2424 559 2491 sunt,
580 2424 616 2479 et
636 2422 716 2478 sunt
735 2415 937 2498 angelorum
956 2415 1088 2499 optimi.

710 2705 1055 2717 -..ἡ

811 2921 922 3010 [vlt]

310 3107 424 3192 Quou
447 3121 693 3189 uunounnus
716 3107 903 3175 Somsrns
929 3123 988 3175 sn
1012 3109 1174 3176 cincun
1200 3123 1243 3176 ru
1272 3121 1426 3176 umouu

388 3217 533 3281 sonus,
558 3219 607 3269 sc
629 3217 892 3284 uuusqursouu
915 3205 1101 3270 Auoncus
1124 3219 1166 3270 1u
1190 3219 1348 3271 murus.

370 3397 438 3466 51.
470 3379 572 3463 Quod
596 3379 806 3464 unaquaevis
829 3380 978 3444 societas
1000 3382 1045 3444 sit
1067 3381 1199 3445 caelum
1233 3383 1268 3445 in
1295 3381 1427 3446 minore

307 3476 426 3551 forma,
444 3485 479 3540 et
500 3477 729 3558 unusquisque
747 3475 890 3558 angelus
908 3477 943 3540 in
963 3477 1112 3551 minima,
1130 3486 1184 3540 est
1203 3477 1281 3559 quia
1299 3477 1426 3540 bonum

308 3571 434 3633 amoris
452 3580 489 3634 et
512 3569 589 3634 fidei
608 3571 772 3653 estquod
792 3571 873 3634 lacit
892 3570 1036 3646 caelum,
1057 3581 1092 3634 et
1116 3572 1149 3634 id
1169 3572 1296 3634 bonum
1315 3581 1369 3636 est
1393 3574 1427 3635 in

308 3665 401 3728 omni
420 3666 592 3728 societate
611 3665 708 3740 caeli,
728 3674 764 3729 et
787 3666 821 3728 in
840 3666 934 3728 omni
954 3665 1081 3747 angelo
1100 3667 1287 3730 societatis.
1332 3665 1427 3729 Nihil

308 3759 422 3837 refert,
440 3761 531 3842 quod
551 3761 678 3824 bonum
696 3760 781 3824 illud
800 3761 910 3824 ubivis
930 3760 1062 3825 differat
1080 3771 1116 3825 et
1132 3763 1262 3825 varium
1278 3763 1342 3842 sit;
1373 3771 1427 3825 est

310 3873 415 3938 usque
444 3856 572 3918 bonum
602 3855 709 3934 caeli3
743 3854 938 3919 differentia
964 3857 1069 3920 modo
1097 3864 1160 3931 est,
1183 3856 1273 3939 quod
1293 3856 1428 3920 caelum

309 3949 379 4014 tale
394 3951 439 4014 sit
458 3950 513 4014 hic
533 3959 569 4014 et
587 3950 659 4014 tale
677 3951 733 4014 ibi.
779 3949 864 4014 Ideo
880 3951 1013 4026 dicitur,
1034 3969 1111 4014 cum
1127 3951 1201 4034 quis
1220 3951 1376 4015 elevatur
1394 3953 1427 4015 in

363 4147 453 4221 Quod
473 4147 575 4204 effluat
593 4165 630 4204 ex
648 4149 712 4204 vita
729 4145 897 4205 affectionis
915 4157 946 4204 et
964 4149 1158 4221 cogitationis
1172 4162 1275 4205 eorum
1296 4150 1337 4218 (n.
1351 4149 1428 4218 2489,

309 4219 609 4417 “agilddipnaerae
620 4289 688 4345 illae
697 4307 730 4346 se
740 4290 829 4374 longe
839 4291 1005 4346 extendant
1014 4289 1043 4344 in
1054 4289 1214 4347 societates
1224 4291 1374 4362 angelicas
1383 4307 1428 4347 se·

309 4378 368 4418 cun
391 4379 442 4416 um
452 4362 540 4434 quale
550 4371 581 4417 et
590 4371 735 4432 quantum
744 4362 815 4417 bom
827 4363 868 4431 (n.
876 4360 1154 4431 6598-6613[?6612],
1164 4361 1241 4432 8063,
1250 4362 1328 4432 8794,
1337 4362 1429 4432 8797).

364 4454 430 4522 (ccc)
451 4451 541 4524 Quod
554 4452 585 4507 in
597 4453 688 4508 caelis
700 4453 789 4508 detur
797 4453 1031 4508 communicatio
1043 4451 1177 4508 omnium
1187 4453 1345 4517 bonorum,
1354 4468 1430 4525 quo·

310 4525 391 4580 niam
403 4539 488 4580 amor
498 4522 637 4579 caelestis
646 4523 851 4580 communicat
863 4523 965 4581 omniu
977 4541 1032 4582 sua
1045 4539 1113 4580 cum
1126 4523 1221 4580 altero
1242 4527 1281 4593 (n.
1298 4538 1355 4595 549,
1372 4537 1429 4593 550,

314 4609 389 4665 1390,
406 4609 481 4666 1391,
497 4609 572 4666 1399,
589 4607 682 4664 ιοι3ο,
700 4593 805 4664 10723).
