3408 5358
378 627 492 683 HOMO
514 629 608 683 Post
630 630 796 685 MORTEM
819 631 887 684 EST
910 632 952 684 IN
976 630 1110 684 FORMA
1134 631 1310 686 HUMANA.
1350 621 1407 684 281

290 809 328 962 {t
357 801 448 886 quod
471 803 527 888 qui
555 803 589 868 in
619 803 713 868 falsis
731 813 823 882 sunt,
843 825 948 888 usque
978 825 1048 870 non
1075 804 1234 870 credituri
1253 805 1331 881 sint,
1351 823 1411 888 per

315 917 389 976 aec,

340 1030 416 1084 Dixit
427 1033 566 1084 Abraham
581 1033 665 1084 Diviti
680 1035 708 1084 in
724 1034 839 1092 inferno.
853 1037 867 1058 '‘
879 1033 990 1085 Habent
1006 1033 1104 1084 Mosen
1119 1045 1146 1084 et
1165 1035 1322 1098 Prophetas,
1335 1035 1408 1086 audi-

420 1108 468 1149 ant
480 1100 559 1159 illos:
577 1101 623 1149 ille
635 1115 700 1150 vero
714 1101 789 1160 dixit,
803 1100 865 1150 Non
879 1111 956 1164 pater
964 1101 1112 1160 Abrabam,
1125 1101 1173 1152 sed
1185 1101 1209 1150 si
1221 1102 1280 1165 quis
1290 1117 1325 1152 ex
1336 1116 1408 1152 mor·

421 1165 475 1216 tuis
493 1166 585 1216 veniat
602 1167 638 1216 ad
660 1180 716 1224 eos,
729 1175 937 1224 convertentur;
967 1167 1106 1216 Abrabam
1127 1177 1218 1216 autem
1239 1168 1307 1216 dixit
1326 1168 1360 1226 ei,
1382 1167 1409 1218 Sl

422 1229 520 1280 Mosen
534 1239 561 1280 et
580 1231 731 1294 Prophetas
745 1245 801 1281 non
816 1233 938 1291 audiunt,
951 1247 1000 1281 nec
1016 1233 1098 1282 etiam
1116 1233 1140 1282 si
1159 1233 1218 1297 quis
1239 1247 1273 1282 ex
1295 1233 1408 1282 mortuis

420 1297 605 1357 resurrexerit,
619 1295 753 1348 eredent”
764 1297 838 1360 (Luc.
851 1299 905 1349 xvi.
917 1298 1017 1362 29-31).

350 1435 448 1508 457.
479 1421 624 1504 Spiritus
650 1422 810 1500 hominis,
834 1442 912 1488 cum
941 1425 1087 1506 primum
1114 1423 1221 1488 intrat
1244 1425 1408 1487 mundum

288 1518 478 1600 spirituum,
497 1519 588 1602 quod
619 1517 657 1582 fit
684 1519 779 1582 brevi
810 1529 890 1602 post
913 1519 1214 1583 resuscitationem
1241 1517 1322 1600 ejus,
1349 1517 1408 1600 (de

287 1634 354 1698 qua
372 1611 501 1696 supra,)
519 1613 620 1676 simili
637 1613 722 1678 facie
741 1623 777 1678 et
797 1614 899 1677 simili
915 1633 1003 1678 sono
1018 1613 1174 1698 loquelae
1194 1623 1259 1690 est,
1276 1615 1309 1676 in
1334 1615 1407 1698 qui-

287 1711 350 1774 bus
369 1709 430 1772 suit
450 1708 483 1770 in
503 1708 653 1786 mundo;
677 1729 781 1772 causa
798 1719 864 1784 est,
885 1711 963 1792 quia
982 1719 1064 1773 tunc
1088 1711 1122 1774 in
1141 1719 1236 1774 statu
1255 1711 1407 1774 exterio·
1435 1725 1436 1730 ’

287 1823 360 1868 rum
383 1821 519 1867 suorum
547 1811 613 1878 est,
634 1823 697 1868 nec
727 1804 839 1868 adhuc
863 1805 1026 1868 interiora
1052 1804 1123 1886 ejus
1147 1803 1279 1870 retecta
1305 1815 1405 1868 sunt:

286 1901 340 1964 hic
357 1909 470 1964 status
489 1909 543 1962 est
567 1899 694 1980 primus
712 1900 889 1964 hominum
909 1911 987 1982 post
1010 1900 1153 1963 obitum.
1199 1901 1324 1964 Postea
1346 1921 1406 1964 au·

287 2005 359 2060 tem
389 2003 542 2058 mutatur
568 1993 682 2068 iacies,
706 2003 743 2058 et
762 1993 799 2057 fit
830 2015 967 2077 prorsus
991 1995 1078 2074 alia3
1113 1994 1152 2060 fit
1186 1995 1305 2058 similis
1335 1994 1407 2076 ejus

286 2085 457 2153 affectioni
486 2109 547 2153 seu
576 2091 684 2153 amori
711 2091 884 2172 regnanti,
905 2091 938 2154 in
968 2090 1060 2173 quali
1086 2089 1221 2154 luerunt
1245 2091 1407 2154 interiora

285 2203 373 2266 quae
388 2186 514 2246 mentis
531 2183 602 2265 eju's
619 2186 652 2249 in
672 2185 812 2260 mundo,
830 2195 866 2250 et
885 2187 919 2248 in
938 2185 1030 2268 quali
1048 2185 1108 2248 luit
1128 2185 1266 2266 spiritus
1283 2184 1354 2266 ejus
1372 2185 1406 2247 in

286 2299 450 2360 corpore;
479 2299 558 2343 nam
580 2280 685 2344 iacies
701 2282 840 2362 spiritus
858 2281 1006 2344 hominis
1025 2279 1126 2344 valde
1145 2280 1257 2345 differt
1279 2301 1300 2344 a
1321 2281 1406 2344 facie

285 2377 438 2458 corporis
460 2373 551 2456 ejus;
582 2375 686 2440 iacies
709 2377 862 2458 corporis
885 2386 939 2440 est
962 2396 983 2439 a
1005 2375 1218 2458 parentibus,
1242 2386 1278 2439 at
1301 2375 1406 2438 iacies

285 2469 423 2552 spiritus
441 2481 495 2534 est
519 2491 564 2536 ex
587 2468 767 2536 affectione
790 2471 872 2552 ejus,
893 2470 988 2552 cujus
1011 2472 1127 2552 imago
1149 2481 1224 2550 est;
1258 2471 1292 2534 in
1315 2470 1405 2534 hanc

283 2565 379 2628 venit
399 2565 537 2646 spiritus
556 2576 636 2648 post
655 2567 761 2628 vitam
780 2567 814 2628 in
833 2586 987 2648 corpore,
1008 2585 1085 2628 curn
1101 2567 1275 2629 exteriora
1293 2586 1405 2631 remo·

284 2669 417 2736 ventur,
434 2681 474 2724 ac
491 2661 654 2724 interiora
669 2661 886 2740 revelantur;
905 2661 960 2724 hic
977 2670 1090 2724 status
1106 2671 1159 2724 est
1176 2655 1325 2726 ¹¹¹tertius
1341 2663 1405 2733 ho·

285 2755 394 2818 minis.
440 2755 523 2820 Vidi
542 2757 708 2839 quosdam
728 2767 888 2821 recentes
907 2777 925 2820 e
945 2757 1084 2831 mundo,
1102 2765 1137 2818 et
1155 2759 1304 2838 cognovi
1326 2759 1405 2822 illos

284 2870 330 2913 ex
346 2849 432 2915 facie
448 2859 483 2914 et
504 2851 652 2934 loquela,
670 2851 731 2916 sed
748 2862 872 2935 postea
887 2871 964 2914 cum
980 2851 1043 2914 visi
1062 2861 1154 2927 sunt,
1169 2871 1238 2916 non
1255 2855 1405 2935 cognovi

284 2943 385 3024 illos;
414 2946 527 3028 quiin
550 2943 785 3010 affectionibus
808 2947 907 3010 bonis
929 2945 1076 3020 fuerunt,
1097 2947 1129 3010 in
1153 2945 1239 3012 facie
1262 2947 1406 3030 pulchra

283 3041 347 3102 visi
357 3051 436 3104 sunt
449 3061 457 3118 ;
481 3041 537 3123 qui
553 3052 668 3106 autem
681 3042 715 3104 in
728 3039 962 3106 affectionibus
972 3041 1081 3115 malis,
1095 3043 1128 3105 in
1145 3043 1229 3107 facie
1242 3043 1404 3109 deformi:

284 3136 423 3216 spiritus
446 3137 536 3200 enim
556 3136 704 3200 hominis
727 3137 762 3200 in
784 3157 821 3200 se
844 3134 1021 3220 spectatus
1045 3157 1115 3200 non
1138 3147 1192 3202 est
1216 3139 1280 3200 nisi
1302 3159 1404 3221 quam

284 3249 345 3293 sua
363 3228 508 3306 affediio,
528 3230 599 3312 ejus
621 3231 730 3296 sorma
747 3243 895 3316 externa
917 3241 972 3295 est
994 3230 1110 3296 facies.
1155 3231 1267 3298 Causa
1285 3236 1403 3312 etiam,

284 3325 375 3408 quod
399 3335 576 3392 mutentur
597 3326 713 3403 facies,
737 3336 801 3402 est,
827 3327 905 3409 quia
934 3327 968 3390 in
998 3327 1107 3390 altera
1133 3328 1206 3391 vita
1228 3349 1297 3392 non
1321 3330 1404 3394 licet

284 3419 383 3486 alicui
403 3423 539 3486 mentiri
559 3419 768 3496 affeciiones,
785 3442 872 3504 quae
891 3441 961 3486 non
980 3421 1051 3504 ejus
1070 3424 1227 3504 propriae
1246 3434 1337 3500 sunt,
1355 3426 1404 3488 ita

284 3535 352 3578 non
368 3517 529 3580 inducere
545 3517 607 3580 sibi
624 3516 726 3580 facies
742 3517 849 3580 amori
866 3538 938 3592 suo,
955 3518 989 3580 in
1008 3537 1076 3600 quo
1092 3528 1185 3593 sunt,
1202 3521 1403 3586 contrarias.

283 3609 413 3675 Omnes
432 3623 651 3694 quotcunque
674 3613 720 3676 ibi
743 3622 824 3676 sunt
846 3613 1047 3694 rediguntur
1069 3615 1104 3676 in
1127 3623 1258 3678 statum
1290 3626 1327 3680 ut
1351 3617 1403 3682 lo·

282 3717 429 3790 quantur
447 3709 535 3772 sicut
555 3709 725 3789 cogitant,
744 3721 784 3772 ac
811 3717 849 3772 ut
867 3708 965 3772 vultu
983 3719 1020 3773 et
1039 3710 1195 3791 gestibus
1214 3713 1402 3778 ostendant

204 3793 212 3808 '
282 3803 371 3864 sicut
394 3802 527 3867 volunt.
573 3803 659 3868 Inde
689 3823 778 3868 nunc
809 3812 875 3880 est,
900 3803 992 3886 quod
1015 3805 1119 3869 iacies
1143 3808 1295 3872 omnium
1318 3807 1402 3873 fiant

282 3894 499 3970 affectionum
518 3897 655 3962 illorum
673 3897 802 3962 formae
825 3907 862 3962 et
885 3897 1035 3980 effigies;
1066 3921 1106 3965 ac
1125 3901 1205 3964 inde
1228 3911 1292 3978 est,
1311 3905 1401 3986 quod

282 3993 479 4076 omnesqui
501 4013 538 4056 se
557 4003 796 4076 cognoverunt
820 3993 853 4056 in
877 3995 1018 4070 mundo,
1038 4015 1076 4059 se
1099 4017 1234 4078 quoque
1253 4017 1401 4079 cognos-

280 4095 362 4152 cant
378 4087 412 4150 in
429 4089 557 4152 mundo
573 4088 763 4169 spirituum,
778 4109 847 4152 non
863 4099 979 4155 autem
995 4091 1029 4153 in
1045 4091 1142 4155 caelo
1158 4101 1194 4156 et
1209 4093 1244 4156 in
1260 4091 1400 4168 inferno,

282 4191 319 4244 ut
340 4203 442 4266 supra
463 4181 510 4265 (n.
529 4187 608 4266 427)
628 4180 758 4247 dictum
777 4181 873 4248 estu)

1276 4333 1400 4343 ..ι-

675 4381 722 4434 [ln
735 4392 832 4424 nuxis
844 4382 1014 4436 cummi]
1089 4362 1090 4368 ἵ

336 4473 374 4540 (ἡ
400 4469 490 4542 Quod
506 4470 598 4528 iacies
610 4473 648 4527 ad
661 4473 960 4544 correspondentiam
976 4474 1151 4530 interiorum
1166 4474 1295 4531 formata
1306 4477 1346 4532 sit
1360 4480 1400 4547 (n.

281 4541 672 4684 ⁴⁷9ifdggdm⁵eti91>⁵gndentia
692 4612 779 4671 laciei
799 4625 830 4671 et
851 4609 917 4684 eius
939 4614 1079 4672 vultuum
1101 4631 1170 4673 cum
1190 4615 1399 4675 allectionibus
