3408 5358
974 586 987 620 t

281 651 342 714 262
602 665 653 716 uu
675 663 802 724 cnuto
825 663 874 715 ur
896 661 1078 717 mesano.

278 833 349 900 lum
379 855 425 900 ex
452 835 637 900 innumeris
659 835 885 900 societatibus
907 836 1068 900 consistit
1093 833 1267 918 (videatur
1288 856 1400 920 supra,

278 949 311 994 n.
329 929 471 1014 41—50):
496 941 531 994 et
550 949 684 1014 quoque
702 951 771 994 non
790 932 902 995 sciunt
920 929 1020 995 aliter
1038 951 1140 1014 quam
1159 931 1250 1014 quod
1267 932 1401 996 caelum

278 1025 323 1088 sit
342 1026 507 1089 unicuivis
521 1047 565 1088 ex
585 1027 785 1090 immediata
801 1025 1045 1100 misericordia,
1062 1035 1098 1090 et
1118 1027 1165 1090 sic
1182 1026 1273 1109 quod
1290 1027 1401 1090 solum

278 1120 323 1183 sit
339 1119 549 1184 intromissio
564 1130 599 1183 et
616 1122 770 1202 receptio
785 1141 831 1184 ex
847 1120 1088 1202 beneplacito;
1112 1139 1175 1185 nec
1189 1119 1399 1202 intelligunt,

278 1215 371 1298 quod
401 1215 570 1280 Dominus
596 1235 643 1280 ex
672 1215 906 1280 misericordia
932 1215 1038 1280 ducat
1061 1218 1321 1300 unumquemvis
1344 1218 1401 1300 qui

277 1311 401 1394 recipit
421 1311 547 1393 ipsum.
568 1321 604 1376 et
627 1311 720 1394 quod
743 1311 771 1374 is
794 1312 939 1393 recipiat
959 1309 1075 1393 ipsum
1095 1311 1151 1393 qui
1174 1311 1258 1375 vivit
1278 1331 1401 1375 secun·

279 1405 360 1470 dum
384 1405 480 1488 leges
503 1407 631 1472 ordinis
650 1405 775 1482 Divini,
795 1426 883 1489 quae
906 1415 987 1470 sunt
1011 1415 1198 1488 praecepta
1216 1407 1342 1470 amoris
1364 1416 1402 1471 et

278 1498 378 1580 lidei;
402 1511 438 1566 et
458 1501 549 1584 quod
569 1501 647 1566 duci
665 1503 714 1566 ita
732 1522 753 1565 a
771 1501 934 1577 Domino,
955 1501 999 1566 ab
1017 1501 1161 1566 infantia
1180 1500 1400 1574 adpultimum

278 1595 371 1660 vitae
391 1597 424 1660 in
441 1597 580 1673 mundo,
596 1607 633 1660 et
649 1597 729 1662 dein
747 1596 782 1660 in
798 1607 989 1672 aeternum,
1005 1596 1049 1660 sit
1066 1595 1298 1660 misericordia
1314 1615 1400 1678 quae

278 1689 496 1773 intelligitur.
540 1689 659 1758 Sciant
682 1692 810 1775 itaque,
829 1691 921 1774 quod
940 1691 1170 1774 unusquisque
1193 1690 1297 1754 homo
1320 1709 1399 1753 nas·

279 1795 378 1850 catur
395 1786 439 1850 ad
459 1786 603 1863 caelum,
623 1796 660 1851 et
680 1785 771 1870 quod
790 1785 974 1869 recipiatur
992 1787 1048 1870 qui
1068 1783 1202 1850 caelum
1220 1786 1342 1868 recipit
1365 1787 1400 1849 in

279 1901 317 1946 se
336 1881 370 1946 in
390 1881 529 1958 mundo,
550 1891 586 1948 et
605 1881 813 1948 excludatur
829 1881 888 1964 qui
906 1901 975 1946 non
991 1881 1123 1965 recipit.

1090 2163 1101 2216 l
