3368 5356
331 645 333 650 Ἰ
430 663 587 716 CAELUM
606 665 675 716 EST
695 663 809 718 Hosto
829 666 880 718 EX
900 667 1038 719 DIVINO
1058 667 1237 720 HUMANO.
1360 669 1397 740 §1

324 833 457 894 “Manere
474 837 503 890 in
521 835 575 896 Me,
587 847 615 888 et
633 837 692 900 Ego
710 839 737 888 in
756 838 852 890 vobis:
877 839 946 890 sicut
959 841 1061 902 palmes
1075 855 1129 890 non
1143 849 1233 904 potest
1245 839 1316 892 ierre
1328 840 1399 902 fruc-

405 911 461 954 tum
476 917 493 952 a
504 917 534 953 se
547 901 614 965 ipso,
627 903 680 953 nisi
693 905 823 954 manserit
835 903 862 953 in
876 905 938 962 vite,
952 906 989 955 ita
1001 921 1051 955 nec
1060 921 1110 956 vos
1123 905 1175 956 nisi
1190 905 1217 956 in
1233 905 1277 956 Me
1290 919 1398 958 manse-

404 969 464 1018 ritis
474 983 612 1028 ;....nam
627 970 687 1018 sine
706 969 751 1019 Me
769 971 837 1020 nihil
854 971 969 1032 potestis
986 971 1135 1030 lacere;...
1146 982 1267 1022 menete
1285 973 1312 1022 iu
1332 973 1397 1027 Meo

403 1047 496 1086 amore
506 1051 525 1086 τ.
536 1035 604 1086 ...si
622 1045 765 1099 praecepte
778 1035 842 1086 Mea
852 1037 1034 1095 servaveritis,
1047 1037 1191 1090 manebitis
1204 1038 1232 1088 in
1246 1037 1310 1088 Meo
1323 1053 1398 1092 amo·

403 1113 432 1148 re
441 1097 456 1120 '⁹
467 1099 543 1166 (Joh.
556 1115 599 1150 xv.
612 1101 695 1162 4-10).

335 1259 401 1328 82.
432 1259 522 1344 Quia
541 1261 621 1326 talis
640 1264 818 1344 perceptio
836 1263 879 1328 de
903 1263 1030 1328 Divino
1048 1271 1103 1328 est
1125 1264 1159 1328 in
1182 1263 1297 1339 caelis,
1317 1265 1396 1329 ideo

270 1357 410 1428 insitum
429 1368 483 1421 est
507 1359 613 1420 cuivis
635 1356 776 1432 homini,
797 1359 853 1443 qui
876 1357 1024 1441 aliquem
1048 1358 1214 1423 influxum
1244 1379 1265 1422 e
1294 1359 1394 1423 caelo

269 1451 402 1535 recipit,
423 1451 467 1516 de
498 1451 574 1516 Deo
597 1454 660 1516 sub
686 1453 845 1516 Humana
868 1455 983 1535 specie
1006 1455 1183 1536 cogitare;
1214 1453 1280 1517 hoc
1304 1454 1393 1518 lece·

269 1557 348 1610 runt
367 1549 519 1630 antiqui;
543 1547 609 1611 hoc
629 1549 733 1612 etiam
750 1548 879 1612 iaciunt
898 1547 1065 1623 hodierni,
1083 1557 1153 1612 tam
1173 1559 1276 1612 extra
1291 1567 1394 1632 quarn

270 1643 361 1705 intra
380 1643 583 1720 ecclesiam;
608 1641 781 1724 simplices
798 1643 914 1725 Ipsum
934 1644 1149 1724 cogitatione
1167 1645 1287 1708 vident
1307 1645 1395 1708 sicut

269 1735 461 1819 Antiquum
477 1739 511 1802 in
529 1738 688 1802 candore.
735 1737 803 1802 Sed
820 1739 959 1802 insitum
976 1737 1042 1802 hoc
1056 1740 1301 1802 exstinxerunt
1318 1757 1392 1801 om-

269 1851 330 1897 nes
360 1832 418 1906 illi,
439 1833 496 1916 qui
525 1841 745 1897 removerunt
773 1833 939 1896 influxum
969 1853 988 1896 e
1018 1833 1116 1896 caelo
1138 1853 1199 1914 per
1220 1835 1393 1915 propriam

268 1926 545 2010 intelligentiam,
562 1939 598 1992 et
618 1948 678 2010 per
695 1930 801 1992 vitam
823 1927 923 1992 mali:
948 1929 1004 2012 qui
1024 1947 1083 2010 per
1099 1929 1269 2011 propriam
1289 1929 1392 1992 intel·

268 2023 447 2104 ligentiam
465 2026 723 2100 exstinxerunt,
738 2023 786 2087 illi
800 2024 911 2087 Deum
924 2022 1129 2087 invisibilem
1143 2021 1291 2088 1=1v01unt
1307 2045 1314 2102 ;
1335 2025 1392 2107 qui

268 2129 383 2183 autem
400 2140 460 2204 per
476 2121 583 2184 vitam
603 2121 694 2194 mali,
716 2119 847 2184 nullum
867 2119 998 2184 Deum:
1023 2119 1072 2182 illi
1088 2127 1124 2183 et
1141 2118 1175 2182 hi
1191 2139 1260 2183 non
1277 2121 1391 2184 sciunt

267 2215 359 2298 quod
379 2214 449 2278 tale
468 2216 606 2278 insitum
623 2217 735 2290 detur,
756 2215 836 2298 quia
860 2235 928 2278 non
952 2215 1042 2297 apud
1065 2213 1155 2290 illos,
1174 2233 1251 2278 cum
1271 2223 1390 2279 tamen

268 2310 334 2374 hoc
358 2312 468 2392 ipsum
492 2309 654 2374 Divinum
678 2310 831 2374 caeleste
855 2319 921 2385 est,
941 2309 1033 2392 quod
1055 2310 1217 2392 primario
1239 2309 1348 2374 influit
1371 2329 1391 2375 e

267 2405 365 2468 caelo
383 2405 474 2488 apud
493 2405 679 2480 hominem,
700 2407 778 2490 quia
800 2405 907 2468 homo
926 2413 1025 2468 natus
1045 2412 1099 2468 est
1122 2403 1166 2467 ad
1190 2403 1334 2482 caelum,
1352 2413 1391 2470 et

267 2501 301 2564 in
321 2500 452 2564 caelum
473 2520 577 2564 nemo
593 2502 689 2564 venit
708 2501 838 2582 absque
857 2500 934 2564 idea
952 2498 1077 2562 Divini.

332 2593 403 2676 83·
434 2595 520 2660 Inde
540 2605 604 2670 est,
622 2595 712 2680 quod
732 2597 788 2679 qui
807 2615 875 2660 non
899 2595 933 2658 in
952 2594 1030 2657 idea
1048 2593 1134 2657 caeli
1153 2601 1218 2670 est,
1237 2592 1303 2658 hoc
1321 2603 1388 2672 est,

266 2691 300 2754 in
316 2691 393 2754 idea
410 2690 524 2754 Divini
540 2711 586 2754 ex
605 2711 671 2773 quo
687 2690 830 2766 caelum,
849 2709 917 2754 non
934 2689 1043 2772 possit
1060 2689 1103 2752 ad
1123 2689 1268 2772 primum
1285 2689 1389 2753 limen

266 2786 351 2850 caeli
370 2786 518 2864 elevari;
542 2795 580 2850 ut
597 2787 742 2867 primum
760 2783 840 2849 illuc
860 2785 966 2860 venit,
987 2785 1172 2866 percipitur
1192 2785 1390 2848 resistentia

265 2889 300 2943 et
318 2877 416 2944 sortis
428 2881 581 2944 renisus:
606 2899 708 2942 causa
724 2889 788 2955 est,
803 2881 880 2962 quia
896 2879 1058 2942 interiora
1070 2877 1159 2958 apud
1176 2877 1283 2953 illurn,
1301 2897 1388 2960 quae

266 2984 443 3056 receptura
472 2985 589 3039 essent
620 2973 764 3050 caelum,
792 2973 909 3038 clausa
936 2983 1026 3048 sunt,
1056 2973 1216 3055 quoniam
1250 2993 1320 3037 non
1353 2975 1387 3037 in

265 3068 373 3136 forma
391 3069 498 3148 caeli;
529 3071 635 3134 immo
658 3069 727 3144 illa,
748 3089 815 3151 quo
838 3067 976 3150 propius
995 3069 1090 3131 venit
1113 3068 1157 3130 ad
1181 3067 1325 3142 caelum,
1345 3089 1389 3132 eo

265 3163 390 3228 ardiius
414 3165 628 3228 clauduntur.
674 3161 770 3226 Talis
793 3183 867 3226 sors
896 3169 952 3226 est
985 3162 1053 3226 illis
1075 3163 1167 3227 intra
1191 3163 1385 3240 ecclesiam,

264 3261 319 3342 qui
336 3260 523 3326 Dominum
540 3269 683 3342 negant,
704 3259 812 3340 etqui
829 3267 867 3320 ut
884 3257 1056 3321 Sociniani
1074 3258 1235 3321 Divinum
1255 3257 1384 3342 ipsius:

263 3353 372 3438 qualis
391 3365 507 3418 autem
530 3375 604 3418 sors
627 3364 679 3418 est
703 3353 769 3417 illis
792 3354 849 3436 qui
872 3363 973 3416 extra
992 3353 1172 3416 ecclesiam
1196 3355 1270 3416 nati
1293 3359 1384 3429 sunt,

263 3450 383 3534 quibus
403 3447 571 3512 Dominus
595 3458 736 3514 nonest
756 3457 860 3512 notus
883 3449 961 3530 quia
980 3447 1134 3511 Verbum
1153 3466 1222 3511 non
1241 3447 1384 3523 habent,

262 3545 432 3620 videbitur
450 3546 484 3608 in
503 3545 735 3628 sequentibus.

265 3661 267 3664 ·
325 3638 398 3722 84.
428 3639 530 3722 Quod
543 3642 673 3724 antiqui
689 3641 872 3705 habuerint
889 3639 1000 3704 ideam
1019 3639 1169 3703 Humani
1186 3640 1229 3702 de
1246 3637 1383 3716 Divino,

262 3745 402 3800 constat
421 3758 465 3800 ex
486 3737 755 3818 apparitionibus
774 3735 890 3799 Divini
909 3753 1025 3799 coram
1045 3733 1257 3812 Abrahamo,
1279 3731 1383 3808 Loto,

261 3829 375 3918 Josua,
390 3831 579 3907 Guideone,
594 3831 798 3905 Manoacho,
813 3851 921 3894 uxore
934 3829 1014 3911 ejus,
1029 3839 1065 3893 et
1078 3829 1163 3903 aliis,
1177 3831 1233 3912 qui
1245 3831 1385 3894 tametsi

262 3925 420 3990 viderunt
444 3927 555 3990 Deum
586 3938 623 3991 ut
655 3925 853 4001 Hominem,
879 3945 984 4007 usque
1011 3927 1241 3989 adoraverunt
1265 3925 1382 4007 Ipsum

262 4044 324 4106 pro
344 4024 420 4087 Deo
436 4023 593 4098 universi,
607 4023 765 4088 vocando
782 4021 898 4103 Ipsum
916 4019 1028 4084 Deum
1045 4021 1130 4084 caeli
1147 4030 1183 4084 et
1203 4030 1326 4095 terrae,
1343 4041 1383 4084 ac

260 4117 436 4207 Jehovam.
483 4115 585 4202 Quod
604 4117 770 4180 Dominus
786 4117 885 4179 luerit
904 4117 960 4198 qui
979 4116 1070 4177 visus
1087 4113 1300 4190 Abrahamo,
1318 4115 1382 4178 do·

262 4221 318 4294 cet
337 4211 416 4296 Ipse
435 4213 525 4297 apud
544 4211 736 4288 Johannem
755 4209 843 4293 (cap.
863 4211 931 4274 viii.
952 4207 1029 4293 56);
1052 4209 1268 4293 quodetiam
1287 4218 1382 4272 cete-

261 4309 317 4384 ris,
337 4317 436 4392 patet
455 4329 501 4372 ex
521 4306 659 4371 Domini
677 4306 801 4380 verbis,

308 4443 391 4509 Quod
403 4457 485 4497 nemo
496 4441 603 4492 Patrem
616 4451 644 4494 et
655 4441 772 4504 speciem
784 4439 872 4506 Ipsius
881 4440 986 4498 viderit,
999 4449 1026 4490 et
1038 4451 1133 4490 vocem
1147 4437 1237 4504 Ipsius
1248 4437 1383 4490 audiverit

393 4507 468 4574 (mr.
481 4507 497 4559 i·
512 4509 558 4568 18;
573 4521 631 4572 ean-
644 4521 668 4558 v·
682 4506 731 4569 ³7)-

304 4645 375 4728 85.
404 4642 474 4712 Sed
501 4643 593 4728 quod
616 4643 711 4708 Deus
735 4641 853 4708 Homo
875 4642 931 4718 sit,
956 4661 1059 4726 aegre
1082 4648 1200 4724 potest
1223 4657 1382 4724 compre·
