3368 5356
265 608 309 688 48
587 615 638 668 un
660 616 789 670 canno
812 618 860 669 nr
886 617 1067 670 [ursano.

266 790 337 856 sint
359 787 460 865 oculi,
481 806 592 866 aures,
613 785 743 871 pedtus,
763 787 914 864 brachia,
935 807 1066 866 manus,
1087 787 1213 871 pedes;
1240 786 1333 874 quod
1354 809 1393 856 se

267 895 385 950 mutuo
403 884 556 960 videant,
581 885 735 961 audiant,
756 884 940 968 loquantur
959 887 1049 950 inter
1070 906 1107 950 se
1119 906 1128 964 ;
1158 887 1276 962 verbo,
1300 887 1393 970 quod

267 980 335 1046 illis
358 999 496 1064 prorsus
519 979 603 1044 nihil
626 981 725 1057 desit,
749 981 841 1064 quod
868 991 923 1046 est
957 981 1115 1056 hominis,
1140 991 1279 1065 praeter
1300 984 1393 1066 quod

267 1097 336 1142 non
356 1077 570 1160 superinduti
589 1077 658 1140 sint
681 1075 851 1140 materiali
871 1097 1024 1158 corpore.
1070 1077 1151 1142 Vidi
1174 1077 1252 1142 illos
1275 1080 1309 1144 in
1332 1100 1393 1144 sua

266 1171 354 1248 luce,
371 1192 458 1255 quae
475 1170 587 1236 lucem
605 1171 827 1236 meridianam
844 1172 962 1236 mundi
978 1173 1094 1237 multis
1107 1173 1270 1254 gradibus
1286 1195 1391 1240 exce·

266 1267 328 1342 dit,
353 1277 389 1331 et
416 1266 450 1330 in
473 1266 534 1330 illa
556 1269 671 1332 omnia
693 1266 790 1331 faciei
813 1265 949 1331 illorum
972 1264 1167 1332 distindiius
1189 1279 1226 1334 et
1256 1269 1390 1346 clarius,

267 1382 369 1445 quam
391 1363 485 1426 visae
515 1372 595 1425 sunt
624 1361 728 1426 facies
751 1361 927 1426 hominum
946 1361 1087 1426 telluris.
1133 1362 1262 1428 Datum
1285 1365 1391 1430 etiam

267 1467 321 1522 est
347 1457 463 1522 videre
490 1456 651 1539 angelum
679 1457 790 1522 intimi
812 1456 920 1521 caeli:
956 1458 983 1521 is
1003 1459 1179 1522 nitentiori
1210 1469 1245 1523 et
1275 1459 1391 1542 splen·

268 1552 425 1617 dentiore
444 1553 530 1616 facie
549 1561 624 1616 erat
640 1571 742 1635 quam
759 1553 875 1634 angeli
891 1553 1085 1618 inferiorum
1101 1553 1275 1618 caelorum
1290 1575 1298 1632 ;
1322 1553 1390 1618 lus·

268 1649 356 1712 travi
375 1667 464 1723 eum,
484 1657 520 1712 et
540 1658 615 1711 erat
634 1649 665 1710 ei
683 1647 791 1712 forma
809 1649 959 1712 humana
976 1649 1010 1711 in
1030 1650 1123 1712 omni
1143 1645 1359 1730 persediione.

329 1743 399 1824 7⁶.
430 1743 482 1806 At
498 1742 674 1806 sciendum
698 1753 762 1817 est,
784 1743 875 1826 quod
898 1743 1012 1825 angeli
1035 1763 1104 1807 non
1128 1744 1262 1825 possint
1281 1744 1389 1808 videri

267 1837 396 1902 homini
426 1857 486 1920 per
508 1837 628 1902 oculos
650 1839 803 1919 corporis
826 1836 907 1919 ejus,
928 1837 989 1902 sed
1020 1857 1080 1920 per
1109 1838 1227 1903 oculos
1250 1839 1388 1921 spiritus

266 1934 323 2017 qui
335 1943 388 1997 est
405 1934 439 1996 in
451 1929 632 2007 nominat>
645 1933 723 2016 quia
738 1934 766 1996 is
779 1943 832 1998 est
848 1935 881 1996 in
895 1933 1061 2016 spirituali
1074 1935 1212 2008 mundo,
1227 1945 1263 1998 et
1276 1936 1391 1998 omnia

267 2029 419 2110 corporis
442 2029 476 2092 in
500 2027 665 2106 naturali;
697 2027 807 2092 simile
830 2027 925 2094 videt
948 2029 1068 2104 simile,
1093 2030 1171 2112 quia
1196 2050 1242 2093 ex
1266 2029 1388 2094 simili:

266 2119 447 2206 praeterea
470 2143 638 2205 organum
661 2123 752 2188 visus
775 2125 938 2206 corporis,
958 2124 1050 2207 quod
1080 2134 1133 2188 est
1163 2125 1292 2199 oculus,
1317 2133 1389 2188 tarn

266 2203 417 2283 crassuin
437 2227 500 2295 est,
522 2229 621 2283 utne
641 2219 779 2301 quidem
799 2220 1068 2284 videat-minora
1087 2228 1229 2283 naturae
1249 2219 1312 2282 nisi
1331 2239 1391 2302 per

266 2314 355 2378 vitra
378 2315 505 2395 optica,
526 2323 563 2378 ut
586 2315 691 2378 cuivis
711 2324 830 2378 notum
855 2323 932 2392 est;
960 2314 1039 2377 inde
1063 2315 1173 2376 minus
1196 2313 1307 2378 adhuc
1331 2313 1391 2378 illa

266 2429 352 2492 quae
368 2429 469 2490 supra
485 2417 628 2472 naturae
644 2409 824 2491 sphaeram
840 2419 932 2484 sunt,
949 2407 1062 2492 qualia
1077 2419 1157 2472 sunt
1174 2410 1288 2473 omnia
1303 2429 1390 2492 quae

266 2505 300 2567 in
319 2504 485 2586 spirituali
504 2504 654 2568 mundo:
679 2504 739 2568 sed
762 2504 847 2568 haec
866 2525 972 2588 usque
991 2505 1150 2568 videntur
1173 2504 1217 2568 ab
1240 2503 1389 2580 homine,

265 2617 343 2662 cum
361 2599 390 2662 is
408 2599 588 2664 abducitur
606 2619 626 2664 a
645 2601 718 2663 visu
737 2599 899 2684 corporis,
920 2609 956 2664 et
975 2601 1124 2682 aperitur
1142 2601 1233 2664 visus
1252 2599 1390 2682 spiritus

267 2693 349 2776 ejus,
380 2693 471 2777 quod
498 2696 604 2758 etiam
634 2703 813 2759 momento
842 2694 892 2770 fit,
923 2715 999 2760 cum
1028 2694 1144 2777 placet
1175 2694 1325 2758 Domino
1352 2704 1389 2758 ut

267 2789 469 2868 videantur;
493 2799 529 2854 et
548 2799 629 2854 tunc
646 2789 751 2854 homo
770 2810 839 2854 non
855 2791 947 2854 aliud
964 2791 1029 2854 scit
1047 2809 1148 2873 quam
1164 2790 1256 2872 quod
1271 2789 1390 2853 videat

266 2883 326 2948 illa
344 2884 451 2948 oculis
469 2885 641 2966 corporis:
666 2886 715 2949 ita
733 2885 848 2968 angeli
866 2886 929 2948 visi
948 2895 1028 2950 sunt
1049 2884 1261 2962 Abrahamo‚
1282 2883 1387 2959 Loto,

267 2975 473 3056 Manoacho‚
498 2988 534 3044 et
565 2979 767 3062 Prophetis;
798 2981 846 3044 ita
869 3001 1004 3064 quoque
1027 2981 1119 3044 visus
1142 2991 1195 3044 est
1220 2979 1388 3044 Dominus

267 3083 346 3156 post
376 3071 659 3139 resurredlionem
682 3075 875 3157 discipulis:
914 3075 1014 3139 simili
1038 3075 1142 3140 modo
1171 3077 1276 3140 etiam
1307 3074 1389 3138 mihi

267 3170 329 3234 visi
352 3180 433 3234 sunt
456 3169 583 3252 angeli.
629 3168 718 3252 Quia
737 3171 926 3253 prophetae
950 3173 1000 3235 ita
1021 3171 1191 3246 viderunt,
1211 3171 1290 3234 ideo
1308 3167 1389 3234 diui

267 3275 348 3330 sunt
369 3265 580 3330 “videntes'’
603 3275 638 3330 et
664 3267 803 3348 “aperti
826 3265 957 3332 oculis''
978 3266 1009 3350 (1
1036 3266 1129 3330 Sam.
1149 3265 1197 3329 ix.
1215 3283 1256 3347 9;
1286 3263 1389 3332 Num.

266 3357 389 3426 ¹¹¹xxiv.
408 3377 460 3442 33
490 3381 530 3425 ac
560 3362 671 3426 lacere
690 3373 728 3427 ut
743 3363 807 3426 sita
825 3363 978 3438 videant,
999 3359 1127 3426 dit’tum
1153 3371 1207 3426 est
1228 3361 1389 3442 “aperire

266 3455 415 3532 oculos‚”
434 3466 471 3520 ut
490 3453 617 3520 sat‘tum
636 3467 690 3522 est
709 3477 815 3540 puero
836 3457 976 3532 Elisaei,
997 3457 1039 3520 de
1058 3477 1126 3540 quo
1145 3457 1195 3520 ita
1213 3455 1349 3539 legitur,

317 3589 430 3643 “Orans
449 3591 572 3642 Elisaeus
586 3592 660 3651 dixit,
678 3591 809 3656 Jehovsh.
827 3592 900 3655 aperi
918 3605 1020 3669 quaeso
1036 3592 1130 3642 oculos
1147 3591 1207 3654 ejus
1227 3600 1257 3641 ut
1281 3591 1389 3646 videat:

397 3667 425 3707 et
438 3659 577 3720 aperiente
589 3657 712 3738 Jehovalr
725 3657 818 3738 oculos
831 3659 906 3736 pueri
924 3673 992 3736 ejus,
1005 3658 1071 3707 vidit
1085 3657 1157 3742 qpod
1171 3671 1233 3707 eece
1247 3671 1328 3707 mons
1342 3657 1388 3706 ille

398 3723 495 3786 plenus
508 3724 583 3788 equis
596 3731 623 3772 et
635 3725 756 3774 curribus
766 3738 853 3786 rgners
866 3724 937 3772 circa
950 3721 1086 3774 Elrsaeurn
1117 3723 1143 3784 (a
1152 3723 1213 3788 Reg.
1226 3722 1261 3772 vi.
1275 3721 1323 3784 17).

327 3861 392 3932 77.
415 3847 561 3932 Spiritus
581 3847 689 3930 probi,
709 3867 786 3912 cum
809 3847 930 3931 quibus
953 3845 997 3912 de
1021 3848 1085 3912 hac
1110 3869 1145 3912 re
1168 3849 1273 3913 etiam
1293 3849 1387 3914 locu-

263 3958 318 4012 tus
337 3965 423 4021 sum,
444 3943 627 4008 doluerunt
647 3944 763 4018 corde,
784 3943 875 4025 quod
895 3943 974 4006 talis
994 3943 1190 4026 ignorantia
1219 3945 1263 4009 de
1293 3956 1388 4010 statu

263 4041 361 4115 caeli,
381 4051 417 4104 et
436 4041 479 4104 de
498 4040 673 4122 spiritibus
696 4048 732 4102 et
752 4037 884 4119 angelis
903 4039 993 4101 intra
1012 4039 1194 4104 ecclesiam
1213 4050 1328 4119 esset;
1352 4051 1387 4106 et

263 4136 435 4219 indignati
453 4135 628 4210 dicebant,
645 4135 737 4217 quod
760 4134 902 4196 omnino
924 4133 1083 4197 referrem
1107 4135 1199 4218 quod
1225 4155 1294 4200 non
1317 4137 1387 4200 sint

662 4326 984 4381 (mmmm)

315 4431 354 4558 g)
375 4429 465 4504 Quod
481 4429 574 4514 ¹¹9¹P⁰
586 4428 687 4514 quoad
700 4427 841 4512 interiora
852 4443 907 4483 sus
920 4427 959 4482 sit
972 4425 1095 4498 spiritus
1108 4427 1149 4512 (n.
1165 4428 1254 4498 1594).
1322 4497 1329 4514 .

341 4501 449 4574 tquod
462 4511 586 4572 spurtus
599 4500 649 4556 rlle
664 4509 704 4555 srt
719 4515 782 4570 rpse
795 4499 897 4560 homo,
910 4507 942 4554 et
957 4499 1039 4570 quod
1054 4515 1092 4556 ex
1114 4498 1166 4556 rllo
1178 4515 1288 4570 corpus
1300 4507 1383 4554 srvat

263 4571 572 4642 tn·447.⁴⁶22·⁶05⁴)·
