3350 5366
271 637 367 702 QUID
383 636 487 688 IGNIS
503 635 746 698 INFERNALIS,
764 633 813 686 ET
829 633 923 698 QUID
939 632 1106 686 STRIDOR
1123 633 1311 684 DENTIUM.
1332 621 1393 703 367

328 809 435 891 569·
465 807 561 890 Ignis
579 827 641 872 seu
659 824 756 872 amor
770 804 944 870 infernalis
963 825 1008 870 ex
1026 803 1130 868 simili
1147 803 1280 885 origine
1298 804 1393 870 exis-

267 905 321 980 tit,
341 925 387 968 ex
407 923 474 986 qua
492 903 581 986 ignis
601 922 660 966 seu
679 920 776 964 amor
794 900 967 976 caelestis,
988 919 1114 983 nempe
1133 920 1178 964 ex
1202 897 1285 964 Sole
1304 899 1392 964 caeli

265 1021 325 1066 seu
344 999 516 1077 Domino;
540 997 602 1062 sed
621 995 658 1061 fit
676 997 852 1060 infernalis
870 996 915 1060 ab
933 995 1001 1060 illis
1019 997 1075 1078 qui
1095 995 1287 1078 recipiunt:
1312 1014 1392 1059 nam

265 1096 376 1158 omnis
399 1093 548 1156 influxus
571 1114 590 1156 e
613 1091 781 1174 spirituali
805 1092 933 1154 mundo
955 1092 1107 1156 variatur
1125 1091 1315 1154 secundum
1338 1111 1392 1155 re-

265 1190 471 1272 ceptionem,
488 1209 549 1252 seu
564 1187 752 1252 secundum
765 1185 892 1252 formas
907 1187 942 1250 in
957 1207 1042 1268 quas
1055 1185 1163 1250 influit
1176 1207 1184 1264 ;
1209 1206 1278 1250 non
1291 1185 1392 1250 aliter

266 1303 307 1348 ac
326 1285 415 1348 sicut
433 1282 528 1347 calor
546 1292 582 1348 et
602 1282 663 1346 lux
686 1301 706 1346 e
728 1282 804 1346 sole
822 1281 961 1347 mundi:
985 1280 1080 1345 calor
1096 1282 1175 1344 inde
1195 1280 1339 1344 influens
1357 1283 1392 1345 in

265 1380 427 1446 arboreta
444 1387 480 1442 et
500 1377 622 1444 floreta
641 1377 800 1459 producit
816 1377 1087 1459 vegetationem,
1105 1386 1141 1441 et
1157 1397 1292 1460 quoque
1308 1377 1392 1442 edu·

265 1475 313 1538 cit
336 1475 461 1537 odores
484 1482 605 1558 gratos
634 1483 671 1537 et
698 1492 844 1552 suaves;
879 1482 916 1537 at
945 1473 1037 1536 idem
1061 1472 1166 1548 calor,
1190 1473 1335 1538 influens
1357 1475 1392 1538 in

264 1569 532 1634 excrementitia
550 1579 587 1633 et
605 1569 818 1634 cadaverosa
841 1568 999 1650 producit
1019 1569 1230 1651 putredines,
1250 1589 1290 1632 ac
1308 1569 1392 1632 edu·

265 1668 313 1729 cit
329 1667 466 1728 nidores
483 1664 728 1748 graveolentes
746 1674 782 1728 et
800 1674 959 1746 putores:
980 1665 1109 1745 pariter
1125 1664 1186 1726 lux
1202 1683 1248 1727 ex
1267 1665 1391 1728 eodem

265 1760 338 1825 sole
362 1761 395 1824 in
419 1781 487 1824 uno
510 1758 664 1841 subjeuo
687 1759 846 1844 producit
870 1757 1005 1823 colores
1028 1757 1190 1842 pulchros
1213 1768 1249 1822 et
1273 1779 1391 1824 amoe-

266 1877 349 1934 nos;
377 1857 410 1919 in
434 1855 545 1920 altero
563 1854 773 1938 impuichros
795 1863 832 1918 et
854 1855 1066 1918 inamoenos.
1112 1853 1279 1917 Similiter
1296 1855 1392 1919 calor

265 1963 301 2015 et
325 1951 385 2014 lux
409 1969 454 2016 ex
478 1947 559 2014 Sole
578 1948 676 2026 caeli,
697 1950 753 2032 qui
776 1957 830 2014 est
849 1969 966 2013 amor:
998 1967 1076 2013 cum
1099 1948 1194 2012 calor
1212 1969 1272 2013 seu
1295 1969 1392 2015 amor

265 2046 345 2111 inde
364 2045 473 2109 influit
491 2046 525 2108 in
544 2044 647 2120 bona,
665 2054 703 2109 ut
722 2043 813 2126 apud
833 2045 992 2107 homines
1010 2053 1046 2107 et
1066 2045 1205 2126 spiritus
1221 2045 1332 2108 bonos
1349 2065 1390 2109 ac

265 2141 355 2224 apud
368 2139 523 2224 angelos,
541 2137 721 2206 fructificat
737 2139 873 2204 illorum
886 2139 997 2218 bona;
1021 2147 1058 2202 at
1075 2159 1151 2202 cum
1163 2139 1253 2220 apud
1267 2137 1390 2216 malos,

266 2237 477 2300 contrarium
497 2232 654 2299 effeClum
674 2237 770 2314 edit;
802 2233 894 2298 mala
912 2235 1004 2298 enim
1027 2233 1083 2298 vel
1102 2233 1272 2299 suffocant
1293 2235 1391 2298 illum

264 2331 320 2395 vel
337 2339 540 2415 pervertunt
557 2330 673 2394 illum:
699 2331 827 2414 pariter
844 2329 905 2392 lux
921 2329 1020 2406 caeli,
1038 2329 1118 2392 dum
1135 2329 1243 2394 influit
1260 2330 1293 2392 in
1310 2349 1392 2393 vera

265 2427 358 2501 boni,
376 2427 436 2490 dat
454 2425 725 2508 intelligentiam
744 2435 780 2490 et
799 2425 1005 2507 sapientiam
1022 2445 1030 2503 ;
1054 2445 1131 2488 cum
1148 2434 1265 2488 autem
1281 2423 1391 2490 influit

265 2521 298 2584 in
318 2521 406 2584 salsa
421 2521 514 2596 mali,
531 2523 677 2584 vertitur
692 2521 738 2584 ibi
757 2521 791 2584 in
810 2521 961 2584 insanias
977 2529 1013 2583 et
1029 2521 1112 2582 varii
1128 2521 1264 2602 generis
1279 2519 1390 2602 phan-

266 2617 384 2681 tasias.
430 2616 485 2680 lta
505 2616 614 2680 ubivis
633 2616 821 2680 secundum
840 2616 1084 2698 receptionem.

328 2724 429 2793 571).
460 2710 555 2792 Ignis
574 2710 759 2786 infernalis,
779 2711 859 2792 quia
877 2720 932 2774 est
950 2728 1046 2773 amor
1065 2708 1115 2772 sui
1133 2718 1170 2773 et
1193 2710 1320 2786 mundi,
1340 2709 1392 2774 ita

266 2813 321 2871 est
344 2805 456 2868 omnis
476 2805 647 2888 cupiditas
666 2825 753 2889 quae
772 2804 908 2870 illorum
928 2823 1094 2879 amorum,
1114 2806 1276 2888 quoniam
1296 2807 1390 2888 cupi-

265 2902 360 2966 ditas
382 2911 437 2965 est
460 2921 557 2966 amor
587 2901 621 2964 in
651 2921 714 2964 suo
736 2902 914 2976 continuo,
938 2919 1017 2964 nam
1040 2901 1132 2982 quod
1165 2900 1271 2964 homo
1294 2912 1391 2966 amat

265 2997 332 3061 hoc
349 2996 513 3060 continue
532 2998 652 3079 cupit;
683 3004 720 3060 et
743 3015 877 3078 quoque
896 3003 950 3059 est
969 2994 1176 3077 jucunditas,
1198 3013 1277 3060 nam
1297 2997 1390 3078 quod

264 3093 372 3158 homo
387 3102 481 3156 amat
497 3113 558 3156 seu
576 3093 683 3174 cupit,
706 3111 785 3156 cum
801 3091 836 3154 id
855 3091 1005 3166 obtinet,
1019 3090 1205 3172 jucundum
1222 3093 1366 3174 percipit
1382 3113 1390 3171 ;

266 3209 336 3252 non
349 3187 485 3252 aliunde
502 3197 556 3251 est
572 3187 702 3251 homini
714 3187 901 3269 jucundum
918 3187 1039 3251 cordis.
1084 3185 1151 3252 Est
1170 3189 1286 3270 itaque
1302 3189 1391 3270 ignis

265 3283 440 3348 infernalis
458 3283 631 3366 cupiditas
650 3293 686 3348 et
701 3283 911 3364 jucunditas,
928 3303 1015 3365 quae
1034 3304 1079 3348 ex
1100 3283 1188 3346 binis
1206 3283 1275 3346 illis
1293 3303 1390 3347 amo·

266 3379 369 3454 ribus,
394 3388 432 3443 ut
464 3399 485 3442 a
518 3379 587 3442 suis
609 3379 808 3462 originibus,
833 3379 1034 3442 scaturiunt.
1081 3377 1174 3440 Mala
1207 3377 1267 3442 illa
1297 3389 1389 3454 sunt,

267 3483 491 3556 contemptus
514 3473 669 3549 aliorum,
694 3473 872 3538 inimicitia
898 3483 934 3538 et
967 3473 1143 3538 hostilitas
1166 3485 1289 3540 contra
1312 3474 1391 3537 illos

266 3569 322 3650 qui
342 3569 406 3631 sibi
425 3589 494 3632 non
513 3568 655 3646 iavent;
679 3579 734 3632 est
753 3570 891 3643 invidia,
909 3568 1036 3643 odium,
1056 3578 1092 3632 et
1111 3567 1273 3643 vindidta,
1291 3577 1326 3632 et
1344 3589 1390 3632 ex

266 3663 321 3726 his
339 3665 489 3727 saevitia
512 3674 549 3728 et
573 3663 786 3741 crudelitas;
815 3673 853 3727 et
873 3664 987 3746 quoad
1008 3662 1181 3738 Divinum,
1203 3673 1257 3727 est
1277 3683 1390 3745 nega-

266 3759 327 3836 tio,
348 3769 385 3824 et
409 3759 490 3824 inde
514 3769 748 3842 contemptus,
773 3759 886 3824 irrisio
909 3768 946 3822 et
968 3757 1228 3840 blasphematio
1250 3756 1390 3822 sancto·

266 3873 355 3930 rum,
375 3875 463 3938 quae
482 3865 563 3920 sunt
582 3855 764 3932 ecclesiae,
784 3877 873 3938 quae
896 3863 978 3938 post
1002 3865 1164 3930 mortem,
1185 3873 1263 3918 cum
1284 3855 1390 3918 homo

267 3947 306 4014 fit
326 3951 475 4033 spiritus,
493 3960 675 4016 vertuntur
694 3953 729 4014 in
748 3953 833 4015 iram
852 3961 888 4016 et
904 3951 1020 4015 odium
1037 3963 1161 4015 contra
1179 3949 1238 4013 illa
1257 3948 1390 4032 (videa-

267 4053 324 4108 tur
356 4065 470 4128 supra,
495 4065 527 4109 n.
553 4046 640 4128 562).
685 4047 733 4111 Et
763 4048 842 4130 quia
864 4047 956 4110 mala
983 4047 1044 4110 illa
1066 4048 1234 4111 continuo
1257 4047 1390 4128 spirant

267 4139 542 4205 destructionem
572 4152 608 4206 et
638 4142 850 4207 occisionem
873 4142 1009 4207 illorum
1033 4161 1119 4226 quos
1151 4161 1214 4224 pro
1243 4142 1390 4206 inimicis

267 4235 412 4312 habent,
433 4247 469 4300 et
492 4238 526 4301 in
550 4257 636 4320 quos
659 4238 741 4302 odio
764 4249 800 4303 et
823 4235 975 4302 vindicta
996 4237 1156 4320 flagrant,
1180 4247 1391 4320 quapropter

264 4329 452 4410 jucundum
471 4332 563 4396 vitae
580 4350 698 4396 eorum
717 4342 773 4396 est
791 4331 882 4396 velle
898 4333 1076 4396 destruere
1091 4341 1128 4396 et
1147 4333 1328 4410 occidere3
1353 4341 1390 4398 et

268 4433 434 4506 quantum
454 4445 524 4492 non
543 4425 609 4490 hoc
628 4435 787 4510 possunt,
806 4427 899 4492 velle
917 4428 1079 4490 damnum
1099 4426 1232 4502 inferre,
1252 4445 1389 4503 nocere,

268 4526 305 4582 et
338 4520 480 4584 saevire.
527 4519 626 4584 Haec
650 4530 730 4584 sunt
757 4541 844 4603 quae
868 4521 1111 4603 intelliguntur
1135 4541 1197 4604 per
1220 4521 1391 4603 “ignem’'

268 4615 301 4676 in
320 4613 447 4692 Verbo,
465 4615 521 4680 ubi
540 4617 584 4680 de
601 4615 700 4680 malis
715 4625 751 4680 et
770 4617 814 4680 de
831 4617 971 4681 infernis
986 4618 1111 4699 agitur,
1128 4637 1174 4681 ex
1192 4637 1262 4700 quo
1277 4617 1391 4700 aliqua
