3408 5358
575 659 628 712 DE
646 655 878 712 'INFAN'rrtrus
901 661 942 710 IN
965 659 1102 712 CAELO.
1337 661 1398 730 199

725 965 942 1050 [xxxan

564 1149 623 1215 Du
645 1150 880 1214 lunnumuus
904 1163 945 1213 ur
968 1147 1110 1216 cnuto.

341 1345 440 1416 329.
470 1331 693 1416 Quorundam
724 1331 809 1396 fides
832 1342 897 1409 est,
917 1334 1009 1417 quod
1035 1333 1140 1398 modo
1162 1331 1310 1396 infantes
1340 1335 1395 1417 qui

278 1429 369 1492 intra
385 1426 567 1492 ecclesiam
592 1430 665 1490 nati
688 1437 778 1503 sunt,
799 1429 833 1490 in
857 1427 991 1492 caelum
1014 1431 1166 1504 veniant,
1187 1447 1255 1492 non
1279 1439 1395 1492 autem

278 1524 335 1608 qui
357 1531 458 1585 extra
481 1522 687 1586 ecclesiam:
714 1541 854 1586 causam
873 1523 1002 1598 dicunt,
1022 1523 1114 1605 quod
1137 1521 1285 1585 infantes
1305 1523 1395 1588 intra

277 1617 459 1682 ecclesiam
475 1617 643 1700 baptizati
659 1619 739 1693 sint,
754 1628 790 1681 et
807 1639 867 1701 per
881 1618 1091 1699 baptismum
1103 1618 1227 1682 initiati
1242 1619 1276 1681 in
1293 1617 1394 1684 fidem

277 1714 456 1780 ecclesiae.
501 1711 569 1778 Sed
589 1715 725 1777 illinon
745 1716 868 1790 sciunt,
889 1715 980 1798 quod
1000 1714 1085 1778 nulli
1108 1735 1168 1798 per
1185 1716 1394 1798 baptismum

276 1813 322 1876 sit
338 1811 482 1888 caelum,
496 1831 559 1874 nec
576 1809 681 1889 fides;
705 1821 758 1876 est
777 1812 867 1874 enim
883 1811 1074 1894 baptismus
1090 1813 1193 1875 modo
1208 1813 1242 1876 in
1259 1815 1394 1896 signum

276 1919 312 1974 et
326 1907 524 1972 memoriale
537 1909 628 1990 quod
640 1907 745 1970 homo
757 1908 1012 1988 regenerandus
1024 1909 1079 1984 sit,
1093 1917 1129 1971 et
1146 1909 1236 1990 quod
1249 1929 1392 1990 regene-

276 2005 341 2068 rari
360 2004 470 2086 possit
493 2005 549 2086 qui
572 2003 663 2066 intra
681 2002 862 2067 ecclesiam
882 2013 983 2066 natus
1002 2013 1066 2078 est,
1087 2005 1246 2087 quoniam
1270 2005 1316 2067 ibi
1339 2015 1393 2069 est

276 2098 440 2174 Verbum,
461 2099 517 2162 ubi
537 2099 662 2162 Divina
679 2120 771 2174 vera,
792 2119 852 2181 per
870 2119 956 2181 quae
975 2099 1201 2182 regenerati0,
1221 2108 1256 2161 et
1274 2099 1320 2162 ibi
1339 2109 1393 2164 est

276 2193 445 2259 Dominus
461 2205 564 2258 notus
581 2216 601 2258 a
619 2216 687 2278 quo
702 2191 976 2276 regeneratiolul
1021 2192 1140 2258 Sciant
1156 2195 1282 2276 itaque,
1300 2194 1392 2276 quod

276 2293 506 2374 unusquisque
525 2290 646 2366 inians,
667 2290 857 2372 ubicunque
877 2297 977 2352 natus
996 2299 1062 2365 est,
1082 2291 1152 2353 sive
1172 2291 1263 2352 intra
1280 2289 1392 2354 eccle·

274 2387 361 2450 siam
376 2388 448 2450 sive
465 2397 568 2450 extra
582 2384 687 2461 illam,
704 2386 775 2450 sive
791 2405 812 2447 a
830 2384 1029 2466 parentibus
1045 2385 1107 2467 piis
1123 2385 1193 2448 sive
1210 2385 1254 2446 ab
1269 2383 1390 2465 impiis,

275 2501 352 2546 cum
376 2485 530 2558 moritur,
550 2483 734 2563 recipiatur
756 2501 776 2543 a
799 2479 960 2554 Domino,
981 2488 1017 2542 et
1038 2480 1071 2542 in
1095 2479 1193 2543 caelo
1216 2479 1390 2554 educetur,

274 2597 313 2641 ac
330 2579 518 2642 secundum
535 2577 696 2640 Divinum
709 2576 864 2638 ordinem
877 2574 1040 2638 doceatur
1055 2584 1091 2638 et
1108 2576 1279 2638 imbuatur
1291 2573 1391 2638 affec·

174 2687 175 2698 ¹
274 2673 423 2737 tionibus
439 2673 531 2749 boni,
546 2682 583 2737 et
598 2692 658 2753 per
673 2670 750 2734 illas
763 2670 1019 2752 cognitionibus
1032 2670 1123 2748 veri;
1147 2677 1183 2732 et
1198 2669 1289 2744 dein,
1303 2669 1391 2734 sicut

273 2767 446 2850 perficitur
458 2767 691 2848 intelligentia
703 2775 739 2829 et
752 2765 933 2846 sapientia,
947 2764 1186 2828 introducatur
1198 2765 1232 2826 in
1245 2763 1390 2838 caelum,

273 2871 309 2926 et
328 2861 387 2926 fiat
403 2861 557 2944 angelus.
603 2861 845 2943 Unusquisque
863 2868 982 2940 potest
1001 2860 1098 2934 scire,
1118 2860 1175 2942 qui
1193 2879 1239 2922 ex
1257 2859 1391 2942 ratione

273 2958 418 3039 cogitat,
436 2958 528 3042 quod
548 2955 660 3020 nullus
679 2963 781 3018 natus
801 2955 847 3018 sit
865 2954 909 3018 ad
929 2954 1107 3029 infernum,
1127 2954 1188 3016 sed
1208 2973 1329 3017 omnes
1346 2955 1391 3017 ad

273 3051 430 3131 caelum;
460 3061 496 3116 et
519 3051 611 3134 quod
634 3051 707 3133 ipse
729 3049 835 3114 homo
857 3049 903 3112 sit
926 3049 959 3112 in
983 3049 1094 3130 culpa,
1112 3048 1203 3131 quod
1233 3049 1267 3112 in
1290 3049 1390 3112 inler-

272 3165 354 3209 num
372 3147 501 3224 veniat,
518 3155 556 3210 at
574 3144 666 3229 quod
684 3141 833 3207 infantes
851 3144 884 3206 in
903 3142 998 3206 nulla
1013 3142 1124 3206 adhuc
1141 3143 1242 3224 culpa
1255 3145 1390 3225 possint

272 3259 359 3303 esse.

334 3349 438 3418 33⁰·
467 3333 623 3398 Infantes
646 3332 702 3414 qui
726 3331 926 3406 moriuntur,
950 3351 1058 3416 aeque
1081 3332 1230 3396 infantes
1253 3342 1332 3396 sunt
1356 3334 1389 3396 in

272 3427 381 3494 altera
398 3429 493 3506 vita;
518 3427 638 3492 similis
656 3426 724 3490 illis
743 3425 908 3489 infantilis
927 3428 1069 3500 animus,
1089 3427 1208 3490 similis
1224 3428 1389 3490 innocen·

272 3525 322 3588 tia
344 3525 378 3587 in
396 3523 602 3605 ignorantia,
623 3531 658 3586 et
676 3521 796 3584 similis
815 3521 1011 3584 teneritudo
1031 3522 1200 3585 omnium:
1225 3522 1336 3585 solum
1355 3524 1389 3588 in

272 3618 525 3682 inchoamentis
548 3626 629 3680 sunt
652 3625 691 3679 ut
720 3617 857 3698 possint
886 3613 956 3678 fieri
985 3616 1111 3698 angeli,
1133 3635 1213 3679 nam
1242 3618 1391 3682 infantes

272 3731 341 3776 non
361 3723 440 3776 sunt
463 3710 658 3792 angelised
677 3709 761 3772 fiunt
780 3709 905 3790 angeli.
951 3709 1192 3794 Unusquisque
1211 3713 1313 3786 enirn,
1333 3714 1389 3796 qui

272 3828 291 3870 e
307 3808 437 3870 mundo
455 3807 609 3881 excedit,
628 3806 664 3868 in
687 3804 787 3868 simili
807 3814 902 3868 statu
921 3825 1003 3868 suae
1025 3807 1118 3868 vitae
1136 3815 1202 3882 est,
1222 3807 1332 3871 inians
1355 3809 1389 3872 in

654 4021 705 4074 [lu
717 4032 815 4064 neuros
824 4021 996 4076 emmanu

325 4126 384 4195 (qq)
410 4121 501 4206 Quod
519 4121 690 4193 Baptismus
709 4121 858 4193 significet
874 4123 1129 4192 regenerationem
1147 4139 1165 4178 a
1184 4121 1317 4179 Domino
1336 4141 1390 4195 per

270 4211 342 4251 vera
358 4194 427 4250 fider
443 4211 480 4248 ex
495 4193 595 4250 Verbo
613 4196 653 4260 (n.
667 4205 746 4262 4255,
764 4205 840 4261 5120,
856 4192 952 4262 9089[?
968 4193 1057 4262 90881,
1076 4209 1168 4264 102392
1188 4195 1387 4266 10386-10388,

274 4281 309 4320 ιο
374 4305 381 4322 .

307 4267 414 4409 {aiod
431 4334 605 4406 Baptismus
620 4333 661 4388 sit
676 4332 803 4404 signum,
813 4332 894 4404 quod
911 4333 1003 4388 homo
1018 4333 1058 4388 sit
1076 4335 1113 4388 ab
1132 4335 1258 4390 ecclesia
1272 4337 1322 4392 ubi
1337 4353 1388 4408 ag-

272 4409 405 4464 noscitur
418 4405 567 4462 Dominus
577 4421 596 4458 a
607 4421 668 4474 quo
682 4403 877 4474 regeneratio,
887 4414 919 4458 et
930 4405 981 4458 ubi
994 4415 1041 4460 est
1050 4404 1182 4462 Verbum
1196 4423 1233 4461 ex
1245 4423 1306 4478 quo
1317 4425 1388 4462 vera

271 4479 341 4534 fidei
354 4496 406 4548 per
440 4493 496 4530 uae
508 4474 694 4547 regeneratio
708 4476 747 4541 (n.
764 4473 976 4544 10386-10388).

324 4548 414 4622 Quod
456 4547 601 4616 aptismus
616 4561 677 4599 non
696 4543 748 4598 det
767 4543 857 4598 fidem
876 4560 931 4599 nec
950 4545 1086 4606 salutem.
1100 4549 1152 4602 sed
1167 4548 1245 4617 quod
1259 4557 1387 4604 testetur

270 4621 351 4692 quod
365 4615 523 4691 recepturi,
536 4615 587 4688 qui
601 4625 814 4688 regenerantur
828 4617 867 4682 (n.
884 4618 987 4682 ¹039¹)·

1527 3663 1538 3706 l
