3368 5356
270 663 274 686 ¹
377 656 642 722 UNUSQUISQUE
661 657 837 709 ANGELUS
856 657 925 708 EST
944 657 985 708 IN
1005 659 1027 708 F
1030 657 1140 709 ORMA
1160 658 1339 710 HUMANA.
1375 661 1419 730 47

297 828 440 893 credant
464 827 542 891 illos
565 847 642 892 esse
662 837 799 893 mentes
818 828 948 911 absque
966 828 1086 906 forma,
1105 849 1145 893 ac
1165 851 1266 913 puras
1285 825 1420 914 cogitass

297 925 421 1000 tiones,
441 925 485 986 de
508 925 630 1006 quibus
649 943 719 986 non
738 923 841 988 aliam
861 925 973 988 ideam
993 924 1124 989 habent
1143 945 1245 1008 quam
1265 927 1352 992 sicut
1377 929 1419 992 de

294 1021 461 1084 aethereo
483 1021 517 1084 in
541 1040 608 1102 quo
632 1019 759 1099 vitale;
790 1029 827 1084 et
850 1021 929 1103 quia
955 1020 1002 1084 sic
1031 1015 1222 1086 ¹¹¹addicunt
1246 1023 1313 1087 illis
1336 1025 1420 1088 nihil

295 1116 444 1179 hominis
468 1126 605 1199 praeter
628 1117 869 1197 cogitativum,
894 1116 1041 1181 credunt
1064 1119 1157 1200 quod
1183 1138 1254 1182 non
1276 1120 1420 1185 videant

296 1212 375 1294 quia
399 1231 468 1274 non
492 1212 540 1274 eis
569 1210 670 1285 oculi,
695 1231 764 1274 non
792 1211 934 1275 audiant
964 1213 1043 1294 quia
1071 1233 1141 1277 non
1171 1213 1221 1276 eis
1248 1235 1357 1290 aures,
1383 1226 1419 1280 et

297 1327 364 1370 non
383 1305 567 1389 loquantur
583 1307 661 1388 quia
678 1325 748 1369 non
767 1307 816 1369 eis
835 1326 875 1369 os
894 1315 930 1370 et
950 1306 1076 1390 lingua.
1122 1308 1180 1372 Ad
1200 1308 1286 1373 haec
1303 1311 1419 1392 angeli

294 1402 469 1476 dixerunt,
486 1403 577 1484 quod
594 1403 705 1464 sciant
722 1400 815 1484 quod
831 1401 912 1465 talis
929 1400 1013 1466 fides
1032 1404 1077 1466 sit
1094 1404 1212 1467 multis
1227 1405 1260 1467 in
1278 1407 1417 1483 mundo,

293 1505 329 1560 et
345 1497 436 1580 quod
453 1505 574 1578 regnet
590 1497 680 1578 apud
697 1497 859 1572 eruditos,
873 1507 908 1560 et
925 1519 1070 1581 quoque,
1088 1501 1180 1583 quod
1197 1501 1309 1564 mirati
1325 1512 1416 1577 sunt,

293 1592 383 1673 apud
406 1593 618 1656 sacerdotes.
664 1591 811 1656 Causam
834 1593 939 1656 etiam
962 1593 1137 1668 dixerunt,
1162 1595 1251 1676 quod
1283 1597 1415 1672 eruditi,

292 1687 348 1768 qui
381 1689 600 1769 antesignani
632 1687 779 1762 fuerunt,
813 1697 850 1754 et
880 1689 1026 1770 primum
1056 1688 1279 1754 excluserunt
1310 1691 1416 1755 talem

291 1782 402 1846 ideam
416 1783 459 1846 de
475 1782 608 1864 angelis
621 1793 656 1846 et
673 1783 856 1864 spiritibus,
871 1804 916 1846 ex
929 1783 1142 1846 sensualibus
1155 1786 1293 1848 externi
1305 1785 1415 1850 homi·

291 1878 343 1941 nis
361 1879 405 1942 de
427 1878 494 1941 illis
514 1879 765 1960 cogitaverint;
797 1887 833 1942 et
856 1880 913 1961 qui
937 1899 981 1942 ex
1005 1878 1071 1942 illis
1094 1881 1264 1961 cogitant,
1285 1890 1321 1944 et
1345 1901 1415 1945 non

291 1993 337 2036 ex
361 1973 435 2037 luce
458 1975 629 2048 interiore,
650 1983 685 2036 et
709 1995 755 2036 ex
778 1973 856 2036 idea
879 1975 1051 2037 communi
1070 1995 1156 2056 quae
1176 1976 1279 2040 insita
1297 1978 1414 2053 cuivis,

291 2087 359 2132 non
384 2069 518 2150 possint
541 2068 641 2132 aliter
664 2087 765 2151 quam
789 2067 917 2150 lingere
941 2069 1034 2146 talia,
1059 2071 1221 2152 quoniam
1244 2072 1415 2135 sensualia

290 2165 427 2227 externi
446 2163 593 2227 hominis
608 2183 677 2227 non
694 2164 832 2245 capiunt
849 2164 916 2227 alia
931 2183 1032 2246 quam
1049 2185 1135 2248 quae
1151 2166 1240 2228 intra
1257 2176 1414 2230 naturam

290 2269 380 2334 sunt,
401 2279 470 2322 non
493 2269 608 2322 autem
628 2279 714 2341 quae
738 2279 849 2341 supra,
869 2261 918 2322 ita
941 2259 1024 2322 nihil
1047 2261 1227 2343 quicquam
1250 2262 1292 2324 de
1316 2262 1413 2343 spiri·
1471 2297 1472 2300 κ

289 2353 372 2416 tuali
390 2355 517 2417 mundo
529 2350 572 2417 2l⁴l
596 2375 642 2418 ex
659 2353 712 2416 his
728 2355 964 2436 antesignanis
981 2365 1019 2418 ut
1035 2355 1176 2418 ducibus
1189 2356 1345 2420 derivata
1359 2367 1413 2422 est

289 2447 419 2512 falsitas
443 2449 665 2530 cogitationis
689 2449 731 2513 de
762 2450 894 2531 angelis
917 2450 960 2513 ad
994 2450 1090 2526 alios,
1114 2452 1171 2533 qui
1201 2472 1246 2514 ex
1276 2473 1312 2516 se
1342 2472 1411 2516 non

288 2545 528 2626 cogitaverunt
547 2545 608 2608 sed
627 2566 673 2608 ex
692 2545 779 2624 illis;
799 2546 909 2628 etqui
928 2567 973 2609 ex
987 2546 1061 2609 aliis
1078 2548 1222 2627 primum
1241 2549 1409 2630 cogitant,

288 2649 324 2704 et
347 2639 475 2704 faciunt
494 2660 575 2704 suae
598 2639 686 2715 fidei,
703 2650 739 2704 et
763 2651 886 2722 postea
908 2641 968 2704 illa
989 2662 1052 2705 suo
1075 2639 1252 2705 intelleitu
1275 2643 1411 2707 intuen-

289 2745 353 2811 tur,
368 2756 471 2817 aegre
485 2745 628 2817 possunt
642 2736 686 2799 ab
698 2735 764 2798 illis
777 2736 937 2800 recedere
949 2757 956 2814 ;
976 2757 1079 2819 quare
1092 2737 1244 2820 plerique
1257 2740 1411 2819 acquies-

289 2841 371 2894 cunt
389 2832 424 2893 in
443 2830 678 2894 confirmando
697 2830 766 2894 illa.
812 2831 916 2894 Porro
935 2831 1108 2907 dixerunt,
1129 2832 1220 2914 quod
1239 2833 1411 2915 simplices

289 2923 356 2988 lide
375 2934 409 2988 et
432 2927 534 2988 corde
554 2945 622 2989 non
646 2925 679 2988 in
702 2925 761 2988 illa
780 2925 858 2988 idea
877 2926 920 2989 de
939 2925 1073 3008 angelis
1092 2927 1172 3002 sint,
1193 2927 1254 2990 sed
1278 2927 1311 2989 in
1335 2929 1412 2992 idea

289 3019 332 3082 de
351 3019 417 3082 illis
435 3021 525 3083 sicut
548 3021 591 3083 de
614 3019 808 3084 hominibus
827 3020 924 3096 caeli,
944 3041 990 3083 ex
1019 3041 1121 3084 causa
1140 3023 1218 3104 quia
1247 3041 1316 3084 non
1346 3043 1410 3085 ex·

287 3114 483 3177 stinxerunt
507 3115 645 3178 insitum
669 3135 766 3178 suum
796 3115 887 3197 quod
918 3136 936 3178 e
967 3115 1064 3179 caelo
1087 3136 1147 3198 per
1170 3117 1408 3193 eruditionem,

288 3227 350 3272 nec
375 3209 512 3290 capiunt
536 3209 662 3292 aliquid
685 3210 813 3292 absque
829 3210 957 3274 forma:
993 3211 1072 3274 inde
1095 3221 1159 3286 est,
1180 3213 1270 3295 quod
1294 3213 1410 3294 angeli

288 3303 322 3364 in
338 3303 487 3383 templis,
502 3305 574 3367 sive
590 3304 715 3384 sculpti
731 3306 802 3368 sive
819 3303 911 3386 picti,
925 3325 994 3368 non
1011 3306 1112 3370 aliter
1127 3307 1292 3370 sistantur
1307 3327 1409 3389 quam

287 3405 325 3460 ut
354 3396 521 3460 homines,
567 3398 619 3462 De
643 3399 747 3462 insito
770 3399 862 3482 quod
892 3420 911 3462 e
941 3400 1038 3464 caelo
1061 3400 1231 3476 diceba'nt,
1252 3403 1342 3483 quod
1363 3403 1408 3466 sit

287 3491 447 3556 Divinum
464 3493 606 3558 influens
623 3493 713 3576 apud
726 3495 803 3558 illos
820 3497 876 3579 qui
894 3497 928 3560 in
948 3497 1041 3560 bono
1058 3496 1136 3559 lidei
1154 3506 1190 3560 et
1208 3496 1301 3560 vitae
1317 3509 1408 3562 sunt.

349 3601 416 3672 75.
453 3589 511 3652 Ab
523 3591 617 3653 omni
628 3591 855 3672 experientia,
869 3613 957 3674 quae
970 3612 1058 3655 nunc
1075 3601 1128 3656 est
1141 3591 1286 3673 plurium
1299 3613 1406 3656 anno·

285 3701 370 3758 rum,
391 3684 503 3748 dicere
521 3695 557 3748 et
576 3705 772 3749 asseverare
791 3705 940 3769 possum,
961 3687 1053 3770 quod
1072 3686 1187 3768 angeli
1207 3687 1320 3770 quoad
1339 3685 1406 3751 lor·

286 3796 376 3840 mam
399 3796 495 3841 suam
525 3781 594 3844 sint
625 3800 762 3862 prorsus
784 3781 952 3858 homines»,
973 3781 1065 3864 quod
1094 3781 1162 3845 illis
1192 3783 1261 3846 sint
1290 3781 1405 3858 facies,

687 4019 726 4070 lu
738 4029 836 4062 aecana
848 4021 1011 4074 mmmm)

338 4117 381 4204 ⁸(a)
401 4117 492 4191 Quod
503 4119 595 4176 homo
602 4119 658 4176 nisi
668 4122 1291 4186 asensualibusexternihominiselevetur.
1300 4140 1404 4195 parum

283 4191 561 4386 ”pgirgg'ssaogfflns
576 4262 669 4317 homo
680 4279 772 4334 supra
783 4265 934 4348 sensualia
947 4265 998 4348 illa
1009 4265 1150 4348 cogitet(
1171 4307 1179 4321 .
1194 4265 1270 4336 5089.
1286 4267 1377 4350 5094).

361 4348 412 4386 um
427 4333 562 4388 elevatur
577 4333 669 4388 homo
684 4351 775 4405 supra
786 4336 934 4390 sensualia
950 4335 1008 4398 illa,
1021 4337 1101 4407 quod
1125 4353 1155 4390 m
1177 4337 1278 4391 lumen
1294 4337 1404 4394 clarius

281 4401 391 4465 veniat,
404 4413 435 4458 et
448 4405 571 4459 tandem
585 4404 615 4460 in
628 4405 726 4460 lucem
739 4405 899 4462 caelestem
915 4408 954 4476 (n.
968 4407 1046 4476 6183,
1059 4407 1138 4476 6313,
1148 4406 1227 4478 6315,
1236 4419 1314 4478 9407,
1324 4421 1403 4480 9730,

282 4474 426 4682 ἴὲίιῐέἳ
438 4544 568 4603 elevatio
580 4555 612 4603 et
623 4545 765 4604 abductio
780 4563 798 4604 a
813 4547 1000 4604 sensualibus
1014 4547 1073 4604 illis
1084 4547 1216 4621 antiquis
1229 4559 1302 4606 note
1313 4547 1403 4606 luerit
