3408 5358
405 553 458 606 Du
480 551 759 606 FUNCTIONIBUS
782 550 1023 604 ANGELORUM
1045 549 1087 600 IN
1109 544 1247 600 cnuto.
1334 544 1393 609 241

271 727 385 810 pitent
400 744 519 790 versus
535 723 721 790 infernum:
746 724 789 788 ad
807 723 983 787 minimum
999 720 1170 805 potuisset
1190 715 1288 791 scire,
1307 712 1398 798 quod
1453 773 1458 798 ,

270 821 398 886 violare
411 821 570 903 conjugia
583 822 628 884 sit
644 831 766 884 contra
780 821 876 900 leges
890 819 1043 893 Divinas,
1059 825 1093 880 et
1110 822 1234 878 contra
1246 810 1397 875 omnium

270 935 453 1000 regnorum
471 917 567 998 leges
583 915 711 990 civiles,
727 924 800 978 tum
817 925 940 978 contra
956 916 1142 996 genuinum
1159 913 1274 975 lumen
1290 913 1395 974 ratio·

271 1013 333 1088 nis,
348 1013 427 1095 quia
443 1022 566 1075 contra
582 1011 737 1074 ordinem
754 1019 790 1074 et
811 1009 973 1072 Divinum
990 1019 1026 1071 et
1045 1009 1244 1083 humanum,
1262 1015 1398 1088 praeter

270 1105 377 1189 plura.
423 1104 492 1170 Sed
522 1105 770 1187 respondebat,
794 1105 887 1187 quod
916 1103 1000 1168 talia
1024 1123 1092 1166 non
1124 1103 1333 1184 cogitaverit
1362 1101 1396 1164 in

270 1203 341 1264 vita
356 1201 516 1282 corporis.
563 1199 684 1263 Voluit
695 1200 892 1262 ratiocinari
904 1217 984 1261 num
997 1199 1046 1260 ita
1058 1205 1172 1276 esset;
1192 1198 1254 1260 sed
1268 1193 1396 1260 dietum

270 1305 324 1359 est
342 1297 385 1369 ei,
403 1297 495 1378 quod
512 1297 639 1360 veritas
659 1311 728 1357 non
747 1295 914 1357 admittat
931 1293 1119 1367 ratiocinia,
1134 1293 1396 1374 patrocinantur

270 1393 360 1454 enirn
377 1389 547 1472 jucundis,
568 1392 617 1454 ita
637 1389 736 1452 malis
759 1399 795 1452 et
818 1389 934 1468 salsis3
966 1397 1001 1450 et
1023 1389 1114 1470 quod
1135 1389 1279 1470 primum
1300 1388 1396 1469 cogi·

271 1496 344 1548 tare
364 1487 490 1549 debeat
510 1487 553 1549 de
576 1485 643 1548 illis
662 1505 748 1566 quae
768 1481 860 1548 dieta
880 1491 972 1560 sunt,
990 1485 1068 1565 quia
1086 1503 1189 1561 vera;
1213 1493 1272 1546 aut
1293 1483 1396 1546 etiam

271 1599 316 1644 ex
346 1581 407 1644 illo
434 1581 611 1663 principio,
632 1581 724 1662 quod
756 1579 973 1643 notissimum
994 1589 1048 1642 est
1078 1579 1111 1642 in
1140 1579 1279 1653 mundo,
1304 1579 1395 1661 quod

271 1693 375 1739 nemo
393 1675 494 1738 alteri
522 1675 634 1738 facere
654 1675 793 1750 debeat,
813 1673 905 1757 quod
926 1693 994 1737 non
1014 1673 1099 1737 velit
1123 1683 1160 1738 ut
1178 1673 1274 1740 alter
1291 1673 1395 1738 iaciat

272 1770 358 1848 sibi;
387 1779 423 1833 'ct
443 1771 491 1833 sic
514 1771 542 1832 si
564 1771 639 1852 quis
662 1771 767 1852 ipsius
786 1779 942 1844 uxorem,
963 1771 1283 1850 quamamavisset,
1304 1769 1395 1852 quod

271 1863 308 1928 fit
327 1865 361 1927 in
380 1865 546 1946 principio
566 1866 679 1928 omnis
698 1863 858 1946 conjugii,
879 1863 942 1928 tali
962 1865 1066 1927 modo
1085 1864 1292 1946 decepisset,
1312 1873 1395 1928 tunc

271 1979 348 2024 cunr
372 1962 406 2023 in
428 1970 523 2024 statu
545 1959 861 2024 excandescentiae
881 1979 981 2042 super
1008 1958 1042 2022 id
1073 1969 1177 2034 esset,
1201 1961 1229 2022 si
1259 1981 1304 2023 ex
1335 1959 1395 2024 illo

272 2065 366 2119 statu
385 2055 592 2138 loqueretur,
612 2074 729 2119 annon
748 2073 884 2137 quoque
909 2055 982 2137 ipse
1002 2055 1174 2118 adulteria·
1199 2055 1394 2118 detestatu-

270 2172 326 2215 rus
344 2151 483 2230 suisset3
508 2162 544 2216 et
563 2161 657 2227 tunc,
675 2151 754 2234 quia
769 2151 908 2232 ingenio
925 2151 1047 2234 pollet,
1065 2171 1102 2214 se
1122 2149 1395 2214 confirmavisset
1484 2213 1487 2221 ,

270 2246 467 2330 plusquam
495 2246 553 2311 alii
576 2257 699 2312 contra
717 2245 787 2322 illa,
809 2265 915 2329 usque
939 2255 976 2311 ut
1004 2246 1242 2309 damnavisset
1262 2245 1321 2308 illa
1351 2246 1395 2310 ad

269 2341 449 2406 infernum.

332 2437 436 2519 386.
466 2435 653 2501 Ostensum
674 2437 756 2500 mihi
779 2445 846 2512 est,
863 2435 1038 2518 quomodo
1056 2437 1323 2520 progrediuntur
1341 2435 1393 2518 ju·

269 2533 381 2596 cunda
404 2534 529 2596 amoris
553 2531 753 2614 coniugialis
777 2533 820 2595 ad
844 2530 977 2594 caelum
1005 2540 1041 2594 et
1061 2531 1212 2612 jucunda
1234 2531 1394 2594 adulterii

195 2634 198 2640 '
269 2629 312 2691 ad
344 2627 521 2692 infernum.
567 2627 766 2709 Progressio
794 2626 1018 2709 jucundorum
1043 2628 1169 2690 amoris
1192 2627 1394 2708 conjugialis
1433 2619 1437 2639 ’

269 2743 386 2786 versus
406 2724 539 2787 caelum
558 2731 632 2786 erat
656 2723 689 2785 in
713 2722 945 2786 beatitudines
968 2731 1004 2785 et
1026 2721 1211 2786 felicitates
1231 2724 1393 2786 continue

269 2818 382 2899 plures
396 2819 558 2902 usquead
575 2817 842 2881 innumerabiles
856 2827 891 2880 et
908 2817 1107 2893 ineffabiles,
1122 2828 1157 2881 et
1171 2837 1238 2900 quo
1251 2819 1394 2882 interius
1450 2883 1453 2890 ,

268 2913 301 2974 ἰη
325 2913 643 2977 innumerabiliores
666 2923 702 2976 et
726 2912 976 2987 ineffabiliores,
998 2933 1103 2994 usque
1127 2913 1171 2976 ad
1194 2913 1285 2995 ipsas
1308 2913 1393 2976 caeli

269 3009 379 3071 intimi
399 3028 458 3070 seu
474 3009 561 3072 caeli
578 3010 808 3084 innocentiae,
824 3017 859 3071 et
875 3009 941 3072 hoc
962 3029 1022 3090 per
1038 3009 1246 3071 liberrimum
1260 3029 1268 3086 ;
1291 3027 1392 3071 omne

268 3106 358 3167 enim
373 3104 514 3168 liberum
528 3114 582 3167 est
599 3125 644 3167 ex
658 3123 785 3179 amore,
800 3105 849 3167 ita
860 3104 1067 3168 liberrimum
1084 3125 1129 3166 ex
1146 3123 1262 3166 amore
1276 3101 1392 3184 conju·

268 3199 360 3281 giali,
379 3201 435 3281 qui
454 3209 507 3263 est
527 3200 600 3280 ipse
619 3219 715 3263 arnor
730 3199 902 3264 caelestia.
947 3199 1146 3280 Progressio
1162 3207 1277 3260 autem
1295 3197 1392 3260 adul-

268 3295 345 3356 terii
365 3303 440 3357 erat
458 3315 578 3357 versus
597 3294 777 3371 infernum,
797 3305 833 3359 et
856 3315 917 3377 per
936 3296 1061 3376 gradus
1085 3294 1129 3356 ad
1152 3291 1315 3369 infimum,
1337 3293 1391 3356 ubi

269 3388 352 3451 nihil
377 3389 439 3451 nisi
463 3409 564 3472 quam
589 3391 699 3452 dirum
730 3399 766 3453 et
796 3390 1013 3454 horrendum.
1058 3389 1154 3452 Talis
1177 3409 1251 3452 sors
1274 3399 1392 3452 manet

251 3484 443 3574 'adulteros
457 3495 536 3567 post
553 3485 658 3547 vitam
672 3503 789 3548 eorum
806 3487 839 3548 in
857 3486 1004 3564 mundo;
1028 3505 1089 3568 per
1101 3483 1276 3547 adulteros
1289 3483 1391 3547 intel-

268 3581 431 3662 liguntur,
452 3581 508 3662 qui
524 3579 710 3660 jucundum
734 3581 768 3642 in
791 3579 980 3656 adulteriis,
1000 3591 1036 3645 et
1059 3599 1128 3643 non
1152 3577 1333 3647 iucundum
1358 3580 1390 3642 in

268 3673 435 3757 conjugiis
454 3675 657 3756 percipiunt.

769 4011 894 4095 [xus]

391 4172 447 4237 De
473 4173 762 4238 Fuucnonraus
786 4171 1038 4237 Aucauonun
1060 4185 1103 4236 ut
1126 4170 1266 4237 Cnseo.

335 4338 431 4422 387.
464 4339 674 4406 Funt'tiones
691 4341 723 4405 in
742 4341 846 4405 caelis
863 4361 931 4404 non
949 4341 1150 4417 enumerari,
1165 4361 1228 4405 nec
1245 4340 1390 4404 describi

267 4446 413 4519 possunt
432 4437 466 4500 in
485 4439 612 4518 specie,
630 4437 691 4500 sed
711 4437 816 4500 modo
832 4436 959 4500 deillis
974 4436 1101 4519 aliquid
1118 4436 1184 4500 dici
1201 4437 1233 4500 in
1251 4455 1389 4517 genere,

267 4551 346 4594 narn
378 4541 458 4596 sunt
489 4533 697 4606 innumerae,
730 4543 765 4596 et
800 4552 934 4612 quoque
964 4532 1151 4596 secundum
1181 4533 1397 4594 societatum*
