3350 5366
303 631 366 720 ³⁸4
628 649 680 702 ne
702 649 829 702 oraio
848 647 895 702 ar
918 649 1107 703 iurantur
1231 681 1243 698 ,-

301 819 399 884 unice
416 819 578 884 Divinum
593 820 733 896 iaceret,
751 822 886 896 dieitur,
899 822 979 904 quia
997 822 1168 904 proprium
1185 820 1332 904 cuiusvis
1351 832 1422 888 tam

300 913 430 998 angeli,
449 933 551 998 quam
571 917 721 1000 spiritns,
741 927 777 981 et
796 916 955 991 neminis*
976 932 1044 980 non
1063 927 1119 981 eet
1141 919 1207 980 niel
1222 931 1334 1001 quam
1351 929 1422 982 ma»

300 1005 371 1074 lum
389 1007 562 1094 (videatur
577 1024 689 1093 supra,
707 1029 739 1076 n.
759 1010 856 1094 591);
880 1023 984 1094 quate
1001 1027 1168 1094 nusquam
1185 1013 1288 1096 aliqui
1304 1011 1421 1094 angeli

300 1114 336 1170 et
358 1107 499 1188 spiritus
522 1109 683 1172 resistere
706 1117 852 1190 possunt
875 1107 977 1170 malis
999 1109 1163 1173 continue
1178 1103 1359 1172 exhalatis
1379 1109 1422 1172 ab

299 1201 451 1278 infamis,
470 1204 632 1284 quoniam
650 1219 695 1268 ex
715 1204 853 1284 proprio
869 1203 1017 1268 tendunt
1036 1219 1156 1266 omnes
1174 1204 1225 1266 ad·
1243 1203 1422 1270 internum.

300 1297 424 1360 Erchia
441 1291 552 1379 patet,
569 1298 660 1379 quod
677 1298 742 1360 nlsi
760 1297 854 1363 solus
872 1295 1042 1362 Dominus
1055 1308 1193 1380 regeret
1213 1307 1287 1362 tam
1304 1299 1422 1362 caelos

300 1409 403 1474 quam
416 1392 557 1468 inferna,
572 1409 740 1474 nusquam
751 1393 839 1456 ieret
856 1392 956 1455 alicui
969 1392 1072 1456 salus.
1114 1393 1296 1456 Praeterea
1308 1395 1422 1456 omnia

300 1485 431 1552 inferna
450 1503 554 1550 unum
574 1498 696 1568 agunt,
715 1504 795 1552 nam
818 1487 911 1551 mala
933 1483 967 1550 in
990 1487 1129 1552 infernis
1148 1503 1309 1552 connexa
1328 1498 1422 1562 runt,

300 1581 392 1644 sicut
409 1581 501 1644 bona
523 1583 557 1647 in
580 1582 706 1660 caelis;
738 1599 780 1646 ac
803 1584 966 1646 resistere
989 1581 1147 1645 omnibus
1166 1583 1316 1658 inlemla,
1335 1597 1423 1665 quae

300 1675 478 1740 innumera
505 1687 599 1752 sunt,
623 1686 660 1740 et
689 1695 778 1759 quae
806 1675 909 1740 simul
935 1686 1045 1758 agumt
1072 1677 1366 1752 contraeaelom
1387 1688 1422 1741 et

301 1779 423 1834 contra
435 1789 555 1834 omnes
570 1773 627 1854 qui
646 1772 691 1834 ibi
707 1783 798 1845 sunt,
817 1789 886 1835 non
906 1781 1025 1853 potest
1040 1771 1232 1836 nisi-solum
1249 1773 1421 1847 Divinum,

300 1866 393 1948 quod
409 1865 507 1930 unice
526 1867 750 1948 proceditex
769 1867 932 1932 Doroiuo.

362 1973 468 2042 Μ.
496 1959 747 2044 Aequilibriuin
770 1962 860 2025 inter
879 1961 995 2026 caelos
1018 1971 1057 2024 et
1076 1961 1209 2025 inferna
1226 1962 1423 2028 dimunitio

300 2064 336 2118 et
348 2059 516 2120 accrescit
529 2058 718 2122 secundum
731 2072 910 2120 numerum
922 2057 1059 2120 illorum
1072 2057 1130 2138 qui
1144 2057 1277 2120 intrant
1290 2058 1423 2122 caelum

299 2169 339 2213 ac
359 2151 490 2214 intrant
506 2152 686 2228 internum,
704 2154 795 2235 quod
811 2151 855 2216 iit⁴
867 2153 1014 2215 cottidie
1029 2153 1073 2214 ad
1084 2150 1189 2233 «plum
1206 2151 1333 2215 millia:
1357 2149 1422 2216 hoc

300 2246 387 2310 scire
399 2255 436 2309 st
452 2248 638 2329 percipere,
651 2257 688 2312 et
704 2245 769 2311 hoc
785 2247 830 2312 ad
846 2248 1012 2310 trutinam
1025 2247 1195 2309 moderari
1208 2256 1248 2310 et
1259 2265 1421 2330 aequare,

301 2359 371 2403 non
388 2346 508 2423 potest
526 2343 616 2406 ullus
634 2342 788 2424 angelus,
808 2343 869 2406 sed
894 2341 988 2406 solus
1007 2342 1199 2408 Dominis:
1228 2357 1308 2405 nam
1328 2342 1423 2406 Divi·

301 2455 381 2500 num
395 2438 586 2520 procedens
596 2459 620 2500 a
634 2435 790 2502 Domino
799 2439 1135 2520 mimatensem,
1148 2453 1190 2500 ac
1204 2437 1318 2501 ubivis
1327 2439 1422 2502 videt

301 2531 440 2596 ubinam
458 2533 585 2616 aliquid
605 2543 729 2614 nutat;
751 2533 897 2615 angelus
913 2533 1018 2597 modo
1037 2532 1134 2594 videt
1148 2532 1241 2614 quod
1260 2549 1366 2616 prope
1385 2551 1422 2596 se

300 2635 366 2702 est,
386 2637 422 2690 et
442 2628 642 2710 nequidem
661 2629 807 2710 percipit
822 2629 856 2692 in
876 2649 913 2692 se
932 2628 1012 2711 quid
1033 2625 1069 2689 fit
1087 2627 1121 2688 in
1140 2645 1201 2688 sua
1219 2629 1401 2690 societate.

363 2735 469 2804 394.
493 2721 680 2804 Quomodo
695 2724 811 2787 omnia
826 2723 988 2788 ordinate
1002 2721 1084 2784 sunt
1100 2723 1134 2783 in
1150 2719 1306 2784 caeliset
1320 2723 1356 2787 itt
1372 2723 1422 2785 in·

300 2816 413 2892 semis,
431 2825 471 2879 ut
484 2836 616 2891 omnes,
634 2828 670 2882 et
686 2818 824 2900 singuli,
841 2819 897 2901 qui
919 2794 977 2891 ibi,
995 2818 1029 2880 in
1042 2837 1108 2878 suo
1122 2815 1328 2896 aequilibrio
1341 2817 1421 2889 sint,

301 2919 462 2974 constare
478 2913 694 2996 aliquatenus
710 2923 832 2995 potest
844 2933 890 2978 ex
902 2912 974 2976 illis
984 2930 1074 2994 quae
1089 2911 1250 2992 saprade
1266 2909 1373 2973 caelia
1387 2921 1423 2976 et

301 3007 345 3070 de
374 3006 513 3069 infernis
541 3005 633 3072 ditia
660 3017 696 3071 et
725 3019 869 3072 ostensa
897 3015 1001 3084 sunt3
1033 3006 1125 3088 quod
1155 3023 1282 3087 nempe
1300 3025 1423 3069 omnes

301 3102 490 3166 societates
519 3103 609 3166 caeli
638 3103 893 3168 ordinatissime
919 3099 1106 3166 diatmdlae
1136 3103 1205 3164 sint
1230 3101 1423 3164 secundeum

300 3198 405 3272 bona,
425 3207 461 3260 et
484 3197 620 3262 illorum
640 3217 768 3280 genera
787 3208 824 3262 et
846 3199 1001 3279 speciee;
1027 3207 1065 3260 et
1087 3215 1210 3260 omncs
1232 3197 1423 3262 societates

301 3295 424 3358 inferni
441 3295 629 3373 secundum
653 3294 756 3369 mala,
776 3303 815 3358 et
839 3313 958 3357 eorum
981 3309 1110 3374 genera
1136 3301 1173 3356 et
1203 3293 1357 3374 speciem
1386 3300 1423 3354 et

301 3389 474 3472 quodsub
494 3389 683 3472 unoquovis
701 3389 872 3454 societate
891 3389 978 3454 caeli
1001 3389 1046 3451 sit
1065 3387 1216 3450 societas
1235 3386 1356 3450 inferni
1376 3405 1423 3448 ex

301 3485 465 3568 opposito
483 3484 768 3566 correspondens,
784 3503 831 3548 ex
849 3503 918 3567 qua
936 3482 1244 3564 correspondentia
1261 3481 1423 3564 opposita

301 3580 448 3644 resultat
471 3579 731 3662 aequilibrium
764 3599 869 3662 quare
888 3577 1019 3660 jugiter
1047 3597 1068 3639 a
1090 3576 1242 3640 Domino
1264 3575 1423 3659 provide-

302 3685 369 3750 tur,
380 3693 422 3738 ne
435 3674 610 3738 infernalis
621 3677 769 3738 societas
782 3674 846 3738 sub
857 3674 1029 3737 societate
1041 3670 1185 3735 caelesti
1201 3669 1401 3754 praevaient
1415 3691 1422 3746 3

301 3781 336 3834 et
356 3780 523 3854 quantum
542 3771 661 3852 incipit
681 3768 890 3853 praevalere,
911 3789 972 3850 per
988 3769 1083 3830 varia
1101 3768 1214 3830 media
1233 3766 1423 3848 compesci·

302 3877 357 3928 tur
386 3875 422 3928 et
457 3865 501 3928 ad
524 3863 653 3947 justam
683 3866 853 3930 rationem
880 3862 1070 3946 aequilibrii
1099 3863 1277 3943 redigitur.
1326 3859 1422 3924 Haec

303 3960 415 4023 media
445 3969 525 4023 sunt
555 3961 662 4041 plura,
688 3979 734 4024 ex
761 3961 884 4043 quibus
913 3958 1027 4022 solum
1056 3955 1171 4039 aliqua
1200 3955 1423 4019 memoranda

302 4065 392 4118 sunt.
438 4053 618 4137 Quaedam
634 4056 747 4120 media
764 4075 802 4118 se
820 4053 971 4118 referunt
990 4053 1035 4118 ad
1054 4052 1286 4136 praesentiam
1302 4049 1422 4114 fortio·

302 4169 375 4213 rem
392 4147 554 4228 Domirri;
578 4149 748 4232 quaedum
766 4150 810 4212 ad
834 4147 1183 4212 communicationem
1201 4156 1237 4210 et
1260 4143 1423 4226 conjunc·

302 4245 433 4310 tionem
453 4245 552 4308 unius
570 4245 748 4308 societatis
771 4252 831 4308 aut
853 4243 999 4326 plurium
1022 4259 1100 4304 cum
1122 4241 1198 4304 aliie
1221 4237 1423 4317 arstiorem

302 4343 470 4424 quaedam
493 4340 537 4404 ad
561 4337 762 4421 ejettionem
782 4340 959 4420 spirituum
983 4337 1197 4400 infernalium
1216 4333 1423 4418 superfluen-

302 4440 387 4502 tium
406 4439 440 4500 in
460 4437 621 4514 deserta;
645 4435 815 4518 quaedam
832 4435 875 4498 ad
893 4428 1156 4497 translationem
1172 4428 1363 4515 aliquorum
1380 4429 1424 4492 ab

303 4553 371 4596 uno
386 4529 518 4596 inferno
533 4531 567 4595 in
583 4531 697 4609 aliud;
725 4529 893 4612 quaedam
910 4529 953 4592 ad
970 4527 1222 4592 ordinationem
1235 4538 1351 4590 eorum
1368 4525 1424 4607 qui

303 4631 337 4693 in
357 4629 495 4697 inseruit
514 4637 608 4704 sunt,
628 4627 838 4711 quodetiam
859 4624 899 4689 fit
916 4625 1019 4689 uariis
1036 4623 1171 4703 modis;
1192 4622 1364 4706 quaedam
1381 4619 1424 4684 ad
