3408 5358
258 615 319 678 208
583 620 634 671 uu
656 596 783 670 cneco
806 615 854 665 ar
879 611 1059 663 rusentio.

268 790 329 852 sed
348 785 446 870 pauci
462 785 585 864 sciunt,
605 783 745 866 quinam
762 776 1003 860 intelliguntur
1019 795 1079 858 per
1097 770 1365 854 “intelligentes
1376 767 1393 794 ”

267 892 303 946 et
328 903 389 965 per
409 871 695 961 “justificantes'’
740 873 780 937 ln
802 873 908 954 vulgo
931 869 1092 945 creditur,
1116 869 1207 953 quod
1230 867 1301 932 sint
1337 867 1393 950 qui

268 985 437 1038 vocantur
452 973 576 1036 eruditi
593 981 628 1034 et
646 966 750 1042 docti,
767 967 934 1049 imprimis
949 965 1005 1047 qui
1021 963 1212 1027 docuerunt
1229 963 1263 1027 in
1279 961 1391 1025 eccle-

267 1071 329 1145 sia,
353 1089 394 1132 ac
425 1066 700 1152 praecelluerunt
724 1061 799 1125 aliis
823 1058 979 1124 dodtrina
1002 1067 1038 1122 et
1065 1059 1332 1139 praedicatione,
1356 1066 1392 1120 et

267 1162 382 1227 adhuc
402 1163 514 1244 magis
532 1161 553 1223 ii
573 1161 663 1223 inter
681 1157 759 1220 illos
779 1156 836 1238 qui
855 1155 898 1216 ad
919 1153 1020 1216 fidem
1041 1161 1287 1215 converterunt
1307 1152 1392 1214 mul·

269 1269 338 1322 tos.
384 1256 515 1321 Omnes
538 1255 627 1318 tales
650 1255 684 1316 in
707 1251 836 1314 mundo
856 1249 1041 1312 creduntur
1065 1247 1312 1328 intelligentes,
1333 1248 1393 1310 sed

271 1372 376 1435 usque
396 1371 465 1416 non
485 1357 564 1412 sunt
580 1347 818 1429 intelligentes
836 1343 997 1418 incaelo,
1016 1341 1059 1406 de
1079 1343 1200 1424 quibus
1216 1341 1275 1405 illa
1290 1343 1394 1408 verba

268 1447 441 1520 dicuntur,
462 1447 490 1509 si
512 1463 581 1507 non
604 1441 837 1523 intelligentia
855 1459 972 1504 eorum
996 1439 1041 1500 sit
1066 1436 1297 1518 intelligentia
1315 1458 1393 1502 cae·

270 1539 388 1621 lestis;
412 1559 500 1624 quae
519 1538 628 1622 qualis
648 1539 704 1613 sit,
725 1539 759 1600 in
778 1555 868 1599 nunc
891 1534 1114 1616 sequentibus
1135 1533 1276 1596 dicetur.

333 1648 431 1720 347.
462 1633 702 1714 Intelligentia
725 1630 886 1694 caelestis
908 1639 963 1694 est
986 1627 1220 1710 intelligentia
1241 1629 1393 1706 interior,

269 1729 413 1793 oriunda
440 1749 486 1792 ex
512 1747 630 1791 amore
652 1725 734 1800 veri,
760 1746 828 1790 non
852 1733 994 1808 propter
1018 1721 1167 1808 aliquam
1190 1723 1337 1806 gloriam
1359 1725 1393 1789 in

269 1824 409 1898 mundo,
427 1841 490 1887 nec
508 1833 650 1906 propter
665 1819 814 1905 aliquam
831 1821 978 1904 gloriam
996 1820 1030 1882 in
1051 1819 1159 1896 caelo,
1177 1821 1239 1884 sed
1255 1831 1396 1903 propter

269 1921 380 2003 ipsum
403 1937 532 1993 verum,
553 1937 622 2000 quo
645 1915 839 1981 afficiuntur
862 1925 898 1980 et
922 1915 1139 1979 delectantur
1158 1917 1286 1979 intime.
1327 1913 1395 1998 Qui

269 2016 344 2098 ipso
360 2033 443 2076 vero
456 2011 649 2076 afficiuntur
662 2022 697 2076 et
715 2009 943 2087 delectantur,
957 2009 1006 2074 illi
1020 2009 1211 2076 afficiantur
1227 2021 1263 2076 et
1279 2013 1395 2077 delec-

269 2119 390 2174 tantur
406 2107 482 2170 luce
499 2106 586 2170 caeli
600 2127 608 2185 ;
634 2117 669 2170 et
686 2107 743 2190 qui
759 2105 835 2170 luce
848 2107 946 2180 caeli,
961 2105 1010 2170 illi
1023 2107 1127 2170 etiam
1141 2105 1266 2171 Divino
1279 2103 1393 2186 Vero;

269 2205 375 2266 immo
391 2201 473 2284 Ipso
489 2201 652 2277 Domin0,
672 2220 751 2264 nam
769 2201 830 2265 lux
849 2201 936 2266 caeli
952 2212 1006 2265 est
1024 2201 1184 2264 Divinum
1202 2201 1341 2278 Verum,
1359 2213 1394 2267 et

270 2295 434 2361 Divinum
450 2295 582 2360 Verum
602 2307 656 2360 est
677 2296 845 2360 Dominus
869 2297 902 2360 in
927 2296 1025 2360 caelo
1045 2295 1217 2378 (videatur
1232 2319 1345 2380 supra,
1362 2317 1394 2360 n.

274 2389 449 2474 126-140).
496 2389 592 2454 Haec
613 2389 673 2453 lux
690 2411 759 2454 non
776 2391 883 2456 intrat
904 2412 1006 2476 quam
1026 2391 1059 2454 in
1078 2393 1240 2456 interiora
1255 2394 1393 2465 mentis,

271 2504 352 2548 nam
371 2484 535 2547 interiora
551 2486 677 2548 mentis
695 2486 739 2549 ad
758 2486 992 2568 recipiendum
1009 2483 1104 2548 illam
1120 2486 1232 2550 lucem
1248 2487 1395 2551 formata

271 2589 372 2657 sunt;
392 2589 428 2642 et
441 2580 530 2642 sicut
542 2580 649 2644 intrat
664 2581 769 2643 etiam
782 2579 886 2644 afficit
904 2591 940 2644 et
953 2577 1104 2644 delcetat
1119 2603 1127 2659 ;
1147 2601 1225 2644 nam
1238 2581 1395 2664 quicquid

271 2695 290 2738 e
314 2673 413 2737 caelo
434 2672 543 2736 influit
568 2685 604 2736 et
628 2675 799 2758 recipitur,
822 2674 1009 2756 jucundum
1033 2685 1070 2738 et
1093 2696 1275 2739 amoenum
1302 2678 1335 2740 in
1359 2697 1395 2740 se
1419 2688 1423 2697 '

272 2769 401 2834 habet:
426 2767 554 2832 exinde
573 2777 629 2831 est
653 2770 804 2850 genuina
823 2766 957 2833 affectio
976 2770 1057 2844 veri,
1077 2790 1162 2852 quae
1185 2780 1239 2833 est
1263 2767 1395 2834 afledtio‘

272 2864 345 2927 veri
363 2872 506 2946 propter
523 2883 653 2932 verum.
699 2861 766 2944 Qui
785 2865 818 2926 in
838 2863 902 2928 hac
922 2861 1102 2928 affedtione
1119 2875 1209 2939 sunt,
1226 2885 1285 2928 seu
1304 2865 1395 2948 quod

273 2959 377 3032 idem,
398 2958 455 3041 qui
478 2959 513 3020 in
531 2957 597 3022 hoc
617 2977 744 3033 amore,
764 2959 814 3022 illi
832 2959 1065 3041 intelligentia
1083 2959 1226 3022 caelesti
1245 2969 1336 3035 sunt,
1356 2981 1395 3024 ac

273 3053 308 3118 in
338 3052 437 3116 caelo
456 3052 644 3134 splendent
667 3055 755 3117 sicut
775 3053 960 3135 splendore
980 3055 1145 3136 expansi:
1170 3056 1261 3136 quod
1280 3053 1395 3137 splen·

273 3147 392 3221 deant,
414 3157 468 3210 est
488 3149 567 3229 quia
590 3146 754 3211 Divinum
773 3143 915 3224 Verum,
937 3149 1127 3232 ubicunque
1151 3159 1204 3211 est
1229 3150 1261 3210 in
1286 3147 1395 3222 caelo,

274 3241 368 3306 lucet
390 3241 563 3324 (videatur
585 3263 697 3326 supra,
718 3265 750 3306 n.
785 3243 882 3326 132);
911 3265 951 3308 ac
978 3243 1224 3326 “expansum''
1243 3243 1328 3307 caeli
1351 3265 1396 3308 ex

275 3339 584 3419 correspondentia
615 3337 787 3419 significat
817 3338 902 3402 illud
931 3337 1177 3413 intellectuale,
1206 3347 1277 3401 tarn
1307 3339 1396 3422 apud

274 3431 421 3512 angelos
438 3441 542 3514 quam
562 3433 651 3514 apud
671 3433 839 3507 homines,
857 3435 948 3516 quod
967 3435 1001 3497 in
1021 3434 1096 3498 luce
1115 3433 1202 3498 caeli
1220 3445 1284 3497 est.
1330 3431 1398 3514 Qui

275 3537 392 3589 autem
412 3527 446 3588 in
466 3547 582 3590 amore
602 3528 672 3590 veri
692 3537 772 3591 sunt
792 3526 848 3591 vel
872 3539 1013 3611 propter
1033 3529 1177 3612 gloriam
1201 3532 1234 3592 in
1258 3529 1396 3602 mundo,

275 3619 332 3682 vel
356 3631 498 3702 propter
521 3621 668 3703 gloriam
699 3623 733 3685 in
757 3623 866 3697 cae10,
891 3623 940 3686 illi
964 3645 1034 3688 non
1059 3625 1172 3688 lucere
1196 3633 1342 3709 possunt
1365 3625 1397 3686 in

276 3714 385 3789 caelo,
406 3718 568 3796 quoniam
592 3737 661 3779 non
692 3713 910 3780 delectantur
939 3727 974 3782 et
1005 3717 1197 3781 afficiuntur
1227 3719 1301 3800 ipsa
1323 3716 1398 3781 luce

276 3809 373 3883 caeli,
392 3810 452 3872 sed
472 3809 547 3874 luce
567 3811 694 3886 mundi,
712 3821 747 3875 et
766 3811 852 3875 haec
873 3811 933 3876 lux
953 3813 1081 3895 absque
1097 3813 1156 3876 illa
1174 3813 1207 3876 in
1227 3811 1325 3876 caelo
1344 3823 1397 3876 est

277 3924 371 3967 mera
391 3901 565 3986 caligoztl
589 3906 701 3987 gloria
720 3905 812 3968 enim
843 3908 892 3969 sui
923 3908 1212 3989 praedominatur,
1236 3907 1316 3990 quia
1345 3917 1398 3970 est

669 4114 721 4167 [(ικ
732 4125 829 4157 amaris
842 4117 1013 4167 casauriensi]

333 4217 382 4285 (tt)
408 4213 496 4288 Quod
506 4215 558 4270 lux
568 4215 673 4270 mundi
683 4215 723 4271 sit
732 4232 787 4288 pro
797 4225 922 4273 externo
932 4217 1062 4280 homine.
1070 4217 1121 4272 lux
1131 4217 1205 4274 caeli
1215 4233 1270 4289 pro
1281 4217 1400 4272 interno

281 4287 322 4356 (n.
333 4301 423 4429 &dclii
428 4285 738 4412 lll³llilr²ilni1³a³t⁷in
751 4357 854 4412 lumen
865 4357 1007 4421 naturale.
1018 4367 1050 4413 et
1061 4357 1143 4430 quod
1154 4358 1298 4414 naturalis
1307 4357 1401 4414 homo

278 4435 399 4483 tantum
413 4429 518 4497 sapiat,
531 4439 677 4498 quantum
691 4429 787 4483 lucem
801 4429 875 4484 caeli
889 4429 994 4499 recipit
1008 4429 1048 4493 (n.
1060 4443 1140 4500 430²·
1152 4429 1245 4498 4408).

333 4497 424 4569 Quod
438 4513 455 4552 e
467 4497 533 4552 luce
544 4498 742 4568 mundi‚quae
754 4499 855 4552 lumen
865 4499 1001 4554 naturale
1009 4510 1144 4563 vocatur,
1155 4516 1215 4554 non
1225 4499 1319 4555 videri
1333 4515 1401 4571 pos·

279 4577 341 4626 arnt
355 4563 406 4623 illa
418 4583 494 4639 quae
508 4569 538 4622 in
552 4568 619 4622 luce
626 4569 701 4624 caeli
717 4579 796 4630 sunt,
809 4571 862 4624 sed
876 4571 1007 4625 vicissim
1021 4571 1062 4641 (n.
1076 4569 1173 4642 9754?
1182 4569 1286 4642 97551).
