3408 5358
609 635 659 687 ml
682 633 950 686 IMMENSITATE
972 633 1097 685 CAELI.
1349 631 1411 703 257

356 821 450 891 414.
481 803 547 888 Qui
577 807 611 870 in
638 805 738 870 caelo
766 813 857 880 sunt,
881 805 1045 869 continue
1074 804 1118 868 ad
1147 823 1289 868 vernum
1318 803 1412 868 vitae

291 914 460 986 pergunt;
484 915 521 967 et
540 924 607 986 quo
626 904 724 985 plura
742 902 850 966 millia
868 921 1036 966 annorum
1054 903 1190 980 vivunt,
1207 921 1249 966 eo
1271 901 1315 964 ad
1335 921 1411 964 ver·

291 1021 371 1065 num
387 1003 567 1082 jucundius
586 1012 621 1066 et
640 1000 782 1076 felicius,
802 1011 838 1064 et
856 1000 922 1064 hoc
940 1001 975 1064 in
994 1009 1185 1074 aeternum,
1205 1019 1282 1063 cum
1301 1001 1412 1064 incre·

291 1101 429 1175 mentis,
447 1100 634 1164 secundum
654 1100 791 1174 amoris,
808 1097 989 1162 charitatis
1008 1107 1044 1162 et
1062 1097 1140 1161 fidei
1156 1115 1358 1180 progressus
1376 1105 1413 1163 et

290 1197 427 1279 gradus.
472 1197 529 1260 Ex
549 1217 636 1260 sexu
654 1195 828 1271 feminino,
848 1216 935 1278 quae
954 1195 1081 1258 seniles
1099 1214 1140 1258 ac
1159 1196 1256 1258 senio
1274 1195 1411 1259 conlec-

290 1305 349 1358 tae
372 1303 528 1360 mortuae
551 1303 643 1370 sunt,
664 1303 700 1358 et
719 1295 753 1357 in
777 1292 844 1356 fide
867 1295 900 1356 in
924 1292 1121 1368 Dominum,
1141 1292 1311 1356 charitate
1330 1311 1412 1374 erga

291 1393 496 1474 proximum,
517 1401 552 1456 et
574 1394 607 1455 in
627 1410 744 1455 amore
762 1389 946 1472 conjugiali
964 1390 1054 1454 ielici
1077 1410 1154 1454 cum
1174 1391 1299 1454 marito
1313 1392 1411 1454 vixe-

291 1500 380 1564 runt,
401 1499 481 1572 post
500 1509 668 1552 annorum
688 1507 895 1564 successum,
916 1489 1027 1571 magis
1047 1499 1083 1552 et
1103 1489 1213 1570 magis
1237 1489 1270 1552 in
1291 1488 1411 1570 juven·

290 1589 374 1652 tutis
390 1597 426 1651 et
442 1587 698 1651 adolescentiae
710 1586 827 1650 florem
840 1587 994 1662 veniunt,
1008 1586 1109 1669 inque
1125 1587 1412 1668 pulchritudinem

291 1707 378 1768 quae
408 1685 549 1748 excedit
576 1703 715 1748 omnem
745 1682 1008 1765 pulchritudinis
1031 1685 1144 1748 ideam
1168 1703 1309 1768 usquam
1339 1685 1412 1746 visu

290 1783 571 1864 perceptibilem;
595 1781 733 1844 bonitas
752 1791 788 1844 et
807 1780 958 1844 charitas
977 1789 1031 1845 est
1050 1802 1137 1864 quae
1153 1782 1289 1856 format,
1307 1791 1343 1846 et
1361 1783 1412 1844 sui

291 1881 403 1944 simile
419 1881 523 1954 sistit,
543 1889 579 1942 et
601 1879 684 1943 facit
706 1887 744 1943 ut
764 1878 951 1960 jucundum
974 1887 1010 1943 et
1033 1878 1212 1961 pulchrum
1231 1879 1411 1943 charitatis

291 1997 336 2040 ex
364 1975 643 2058 singularissimis
673 1975 770 2038 faciei
800 1975 949 2050 eluceat,
970 1976 1018 2039 sic
1048 1983 1085 2038 ut
1113 1976 1209 2058 ipsae
1231 1975 1411 2038 charitatis

289 2075 418 2138 formae
430 2075 499 2136 sint
514 2095 521 2152 ;
541 2073 635 2136 visae
648 2081 728 2136 sunt
740 2073 954 2155 quibusdam,
968 2082 1004 2136 et
1017 2072 1280 2154 obstupuerunt.
1321 2072 1411 2136 Cha·

290 2173 402 2236 ritatis
417 2171 527 2234 forma
542 2179 595 2234 est
614 2169 705 2244 talis,
722 2189 810 2252 quae
830 2170 874 2232 ad
893 2171 1008 2232 vivum
1024 2170 1233 2251 conspicitur
1251 2170 1285 2233 in
1301 2169 1410 2244 caelo,

290 2269 382 2352 quod
399 2270 473 2350 ipsa
488 2268 638 2332 charitas
655 2267 699 2331 sit
715 2288 802 2350 quae
818 2265 949 2349 effigiat
968 2277 1003 2331 et
1022 2265 1203 2348 effigiatur,
1220 2277 1256 2331 et
1275 2267 1412 2350 quidem

290 2369 350 2441 sic,
371 2377 409 2430 ut
428 2375 525 2430 totus
544 2366 700 2447 angelus,
718 2365 914 2446 cumprimis
932 2365 1048 2440 iacies,
1065 2367 1110 2430 sit
1133 2365 1230 2448 quasi
1248 2365 1410 2438 charitas,

290 2485 376 2547 quae
393 2463 575 2528 manifeste
590 2473 626 2526 et
646 2472 790 2545 apparet
809 2472 844 2526 et
864 2463 1071 2545 percipitur;
1095 2482 1182 2547 quae
1198 2463 1316 2538 lorma,
1334 2481 1412 2527 cum

290 2559 475 2644 spectatur,
493 2571 547 2624 est
566 2560 783 2642 pulchritudo
801 2559 982 2624 ineffabilis
1001 2559 1153 2625 afficiens
1172 2561 1341 2625 charitate
1359 2562 1411 2644 ip·

290 2679 364 2722 sam
380 2660 487 2724 vitam
504 2659 627 2722 mentis
644 2659 810 2722 intimam.
855 2657 984 2734 Verbo,
998 2677 1177 2722 senescere
1192 2659 1226 2722 in
1243 2659 1341 2723 caelo
1357 2669 1411 2724 est

288 2757 521 2837 juvenescere.
567 2753 633 2838 Qui
660 2757 694 2819 in
717 2775 834 2820 amore
857 2756 890 2819 in
915 2756 1101 2820 Dominum
1125 2766 1161 2820 et
1183 2757 1219 2820 in
1242 2755 1411 2822 charitate

290 2873 373 2936 erga
392 2855 587 2937 proximum
605 2853 780 2930 vixerunt,
799 2853 889 2917 tales
906 2853 1048 2928 formae,
1069 2873 1129 2918 seu
1152 2853 1242 2918 tales
1262 2853 1410 2938 pulchri-

291 2953 440 3026 tudines,
460 2952 494 3014 in
518 2951 629 3014 altera
651 2951 725 3015 vita
747 2949 855 3029 fiunt;
889 2971 1010 3015 omnes
1033 2951 1147 3034 angeli
1170 2951 1260 3016 tales
1282 2951 1412 3017 formae

291 3059 383 3124 sunt,
404 3067 481 3114 cum
500 3048 738 3113 innumerabili
756 3050 949 3128 varietate;
973 3069 1018 3113 ex
1037 3049 1090 3113 his
1109 3049 1252 3113 caelum.

772 3578 933 3664 [XLIII]

596 3763 654 3828 Du
679 3763 950 3830 qunusrmrn
973 3763 1103 3832 Caum,

354 3961 451 4032 415.
481 3945 583 4030 Quod
613 3947 747 4013 caelum
771 3947 910 4013 Domini
939 3949 1141 4013 immensum
1169 3949 1226 4024 sit,
1251 3957 1412 4014 constare

291 4053 410 4127 potest
433 4065 478 4109 ex
502 4045 652 4128 pluribus
676 4067 762 4129 quae
795 4047 829 4110 in
862 4047 1149 4112 antecedentibus
1173 4045 1265 4111 dicta
1287 4057 1323 4112 et
1357 4067 1412 4111 os·

291 4151 394 4206 tensa
406 4151 486 4206 sunt
501 4163 509 4221 ;
537 4145 732 4226 cumprimis
748 4165 793 4208 ex
813 4165 865 4221 eo,
878 4145 968 4228 quod
982 4145 1114 4210 caelum
1132 4145 1178 4209 sit
1196 4166 1241 4209 ex
1260 4145 1413 4209 humano

291 4259 419 4322 genere
440 4237 611 4315 (videatur
629 4261 741 4324 supra,
763 4261 794 4305 n.
815 4242 987 4326 311-317)‚
1008 4253 1044 4307 et
1064 4263 1132 4306 non
1151 4243 1256 4307 modo
1275 4263 1320 4307 ex
1340 4241 1410 4316 illo,

291 4337 383 4419 quod
406 4337 497 4402 intra
520 4339 702 4404 ecclesiam
722 4349 840 4404 natum
860 4351 926 4416 est,
946 4342 1007 4405 sed
1030 4343 1135 4405 etiam
1158 4361 1204 4404 ex
1227 4339 1299 4416 illo,
1319 4341 1411 4424 quod

292 4445 395 4498 extra
420 4433 467 4518 (n.
493 4437 677 4520 318-328):
715 4439 764 4500 ita
787 4457 832 4500 ex
856 4438 1014 4501 omnibus
1037 4459 1057 4501 a
1079 4439 1189 4520 primo
1213 4447 1290 4502 ortu
1313 4437 1411 4520 hujus

291 4531 436 4609 telluris,
461 4534 516 4617 qui
539 4534 572 4598 in
596 4535 688 4599 bono
710 4535 882 4600 vixerunt.
927 4533 1068 4617 Quanta
1091 4535 1278 4601 multitudo
1300 4537 1410 4601 homi-

292 4649 372 4694 num
402 4632 435 4693 in
460 4633 619 4696 universo
637 4633 702 4697 hoc
723 4641 891 4697 terrarum
915 4633 997 4698 orbe
1026 4643 1092 4711 est,
1112 4636 1253 4718 quisque
1282 4637 1337 4718 qui
1367 4636 1410 4698 de
