3382 5358
299 661 359 727 ¹70
622 659 673 710 na
696 656 822 710 cauno
846 657 894 708 ar
918 655 1100 708 rusentio.

294 851 400 896 verna
418 830 480 896 dat
496 828 713 895 fertilitatem
732 829 848 906 humo,
862 837 898 894 et
914 849 1049 912 quoque
1065 827 1155 892 indit
1170 827 1419 892 amoenitatem

295 926 469 992 mentibus
496 926 675 1004 humanis;
708 933 744 990 et
771 924 838 990 hoc
868 924 957 998 ideo,
977 925 1057 1006 quia
1079 943 1180 988 mane
1211 943 1271 988 seu
1297 941 1421 986 aurora

293 1033 450 1105 tempore
462 1022 551 1086 veris
564 1019 812 1104 correspondet
824 1020 930 1086 statui
945 1020 1040 1103 pacis
1056 1018 1258 1102 angelorum
1270 1018 1305 1082 in
1320 1016 1420 1082 caelo

296 1116 470 1192 <videatur
489 1137 521 1182 u.
547 1113 663 1200 155).l⁸l
765 1149 768 1158 ·

357 1229 461 1296 29⁰.
491 1211 645 1276 Locutus
667 1212 772 1276 etiam
795 1229 871 1274 sum
894 1229 971 1276 cum
998 1208 1133 1292 angelis
1162 1208 1206 1274 de
1235 1228 1341 1291 pace;
1384 1217 1420 1272 et

294 1308 378 1384 dixi,
392 1307 484 1390 quod
500 1307 535 1370 in
550 1307 680 1372 mundo
692 1307 827 1371 dicatur
843 1327 913 1389 pax
929 1325 1007 1370 cum
1022 1313 1163 1369 cessant
1179 1303 1272 1368 bella
1288 1313 1325 1368 et
1336 1302 1418 1368 hos·

294 1399 445 1468 tilitates
473 1402 564 1466 inter
585 1421 703 1484 regna,
727 1410 763 1466 et
792 1421 870 1466 curn
899 1409 1040 1465 cessant
1066 1400 1264 1464 inimicitiae
1287 1407 1323 1463 et
1348 1399 1418 1462 dis-

294 1497 434 1562 cordiae
449 1498 542 1562 inter
553 1497 710 1562 homines
726 1519 734 1576 ;
757 1507 794 1562 et
810 1497 903 1580 quod
915 1497 1077 1562 credatur
1088 1495 1180 1579 quod
1196 1515 1267 1578 pax
1283 1495 1419 1558 interna

295 1594 340 1656 sit
357 1594 490 1676 requies
506 1593 610 1658 animi
628 1613 674 1657 ex
692 1593 835 1658 remotis
851 1593 950 1668 curis,
968 1601 1005 1656 et
1028 1592 1209 1674 praecipue
1226 1589 1417 1673 tranquilli·

296 1696 349 1752 tas
367 1697 404 1752 et
420 1687 616 1769 jucunditas
634 1709 681 1752 ex
698 1707 859 1752 successu
874 1706 1006 1750 rerum:
1031 1686 1092 1750 sed
1111 1685 1227 1768 angeli
1242 1686 1417 1760 dixerunt.

295 1781 387 1864 quod
403 1783 499 1865 quies
514 1783 630 1859 animi,
647 1794 683 1848 et
701 1782 933 1866 tranquillitas
949 1791 986 1848 et
997 1781 1197 1863 jucunditas
1212 1801 1258 1844 ex
1276 1779 1418 1844 remotis

296 1877 384 1940 curis
403 1887 440 1942 et
462 1899 508 1942 ex
531 1897 822 1943 successurorum
840 1888 1031 1961 appareant
1055 1887 1093 1942 ut
1116 1878 1222 1960 pacis,
1242 1877 1303 1940 sed
1327 1877 1418 1959 quod

296 1990 365 2036 non
384 1981 466 2036 sunt
481 1974 575 2056 pacis
597 1975 662 2038 nisi
683 1994 785 2057 quam
804 1973 895 2056 apud
919 1972 998 2037 illos
1021 1973 1078 2056 qui
1100 1973 1135 2036 in
1158 1973 1252 2036 bono
1274 1972 1418 2036 caelesti

295 2076 387 2143 sunt,
407 2071 568 2152 quoniam
591 2091 663 2153 pax
685 2091 754 2135 non
774 2071 876 2134 datur
898 2088 1001 2154 quam
1023 2071 1058 2132 in
1081 2067 1143 2132 illo
1166 2069 1279 2146 bono;
1309 2067 1418 2132 influit

296 2165 387 2228 enim
406 2183 476 2246 pax
495 2185 516 2228 a
539 2165 689 2230 Domino
711 2167 745 2230 in
764 2167 922 2230 intimum
942 2183 1071 2240 eorum,
1091 2173 1128 2228 et
1151 2164 1195 2228 ab
1218 2164 1340 2227 intimo
1358 2183 1417 2228 eo·

295 2279 370 2324 rum
383 2259 563 2325 descendit
576 2271 613 2326 et
626 2261 743 2326 defluit
756 2263 790 2326 in
803 2261 962 2326 inferiora
973 2279 1102 2336 eorum,
1116 2267 1152 2323 et
1163 2259 1255 2324 sistit
1266 2259 1417 2342 requiem

296 2357 434 2432 mentis,
452 2357 739 2440 tranquillitatem
756 2359 871 2434 animi,
889 2366 925 2422 et
943 2356 1106 2439 gaudium
1125 2376 1170 2420 ex
1189 2355 1267 2420 illis.
1312 2353 1417 2437 Apud

294 2449 375 2514 illos
397 2460 513 2514 autem
535 2451 593 2534 qui
621 2454 655 2516 in
682 2451 776 2518 malo
798 2463 879 2517 sunt
902 2472 972 2516 non
995 2451 1098 2516 datur
1120 2471 1191 2534 pax
1205 2447 1242 2514 :l‘l
1272 2461 1418 2534 apparet

177 2547 180 2552 '
295 2545 431 2628 quidem
449 2546 539 2608 sicut
555 2546 662 2628 quies,
677 2547 910 2630 tranquillitas
925 2557 962 2612 et
974 2546 1181 2628 jucunditas,
1199 2547 1336 2629 quando
1352 2547 1418 2612 illis

181 2683 185 2692 -
294 2640 450 2704 succedit
463 2661 508 2704 ex
522 2651 626 2720 vot03
649 2643 711 2706 sed
727 2653 781 2708 est
798 2652 946 2708 externa
961 2652 997 2708 et
1010 2642 1105 2706 nulla
1116 2643 1262 2717 interna,
1277 2643 1418 2706 interius

294 2734 387 2798 enim
417 2734 566 2817 flagrant
596 2737 806 2812 inimicitiae,
836 2738 927 2814 odia,
958 2735 1143 2812 vindidtae,
1173 2737 1351 2812 saevitiae,
1381 2747 1417 2802 et

293 2827 409 2912 plures
424 2829 634 2911 cupiditates
651 2830 774 2906 malae,
792 2831 825 2894 in
844 2851 928 2914 quas
947 2832 1054 2895 etiam
1069 2832 1202 2894 animus
1217 2851 1336 2896 eorum
1351 2830 1416 2896 fer·

292 2933 359 3000 tur,
376 2934 414 2988 ut
430 2926 576 3008 primum
592 2925 741 3008 aliquem
757 2925 877 2990 vident
892 2928 949 3008 qui
964 2928 1028 2991 sibi
1044 2947 1113 2992 non
1128 2927 1234 3003 lavet,
1249 2947 1288 2991 ac
1304 2947 1416 2992 erum·

292 3019 343 3102 pit
363 3020 501 3105 quando
520 3041 589 3084 non
613 3022 737 3100 timor;
765 3031 801 3086 et
824 3022 916 3104 quod
936 3021 1016 3086 inde
1038 3023 1084 3086 sit
1107 3023 1200 3105 quod
1219 3021 1417 3104 jucunditas

185 3199 190 3208 Ι
292 3133 410 3180 eorum
429 3115 565 3180 habitet
583 3115 617 3180 in
636 3117 779 3192 insania,
799 3117 860 3180 sed
879 3116 1014 3182 illorum
1030 3119 1087 3201 qui
1109 3119 1144 3182 in
1167 3119 1259 3182 bono
1278 3129 1358 3186 sunt
1382 3119 1415 3182 in

292 3211 464 3294 sapientia
474 3233 483 3292 ;
506 3211 690 3276 discrimen
709 3220 763 3276 est
781 3212 870 3277 sicut
886 3213 977 3278 inter
993 3212 1160 3278 infernum
1176 3224 1213 3279 et
1232 3215 1321 3279 inter
1337 3235 1415 3280 cae·

292 3305 374 3372 lum.

684 3507 723 3560 (xx
736 3518 834 3550 nncnnrs
846 3510 1010 3562 cmm)

346 3610 381 3678 (s)
408 3606 499 3680 Quod
512 3619 611 3666 statua
624 3609 706 3679 pacis
722 3609 751 3664 in
767 3610 857 3666 caelis
871 3625 905 3666 se
919 3610 1028 3668 habeat
1040 3611 1118 3668 sicut
1131 3621 1228 3673 status
1240 3627 1365 3668 aurorae
1383 3621 1416 3669 et

291 3679 370 3736 veris
383 3679 413 3734 in
426 3680 514 3736 terris
528 3684 568 3750 (n.
584 3681 659 3747 1726.
673 3681 751 3748 2780,
767 3681 856 3750 5662).

346 3803 381 3870 (r)
407 3800 497 3874 Quod
507 3802 697 3872 cupiditates,
707 3817 784 3873 quae
794 3811 865 3858 sunt
873 3804 985 3860 amoris
997 3804 1043 3859 sui
1056 3813 1087 3860 et
1100 3804 1213 3866 mundi,
1223 3820 1345 3875 prorsus
1357 3805 1416 3860 tol·

291 3871 356 3928 lant
369 3888 472 3944 pacem
489 3875 530 3942 (n.
544 3886 622 3942 3170,
639 3873 727 3942 5662).

344 3941 435 4014 Quod
448 3943 571 4014 quidam
585 3955 700 4014 ponant
710 3959 814 4015 pacem
830 3943 860 3998 in
877 3943 1012 4016 irrequie.
1025 3961 1061 4001 ac
1080 3945 1109 4000 in
1126 3945 1237 4002 talibus
1251 3961 1328 4018 quae
1344 3955 1415 4001 sunt

290 4013 441 4069 contraria
453 4014 519 4084 paci
533 4017 574 4083 (n.
590 4015 679 4083 5662).

346 4082 435 4156 Quod
450 4101 512 4142 non
522 4086 610 4142 detur
622 4101 689 4158 pax,
700 4085 757 4142 nisi
770 4085 953 4157 cupiditates
966 4086 1037 4141 mali
1050 4086 1254 4144 sublataeaint
1268 4089 1309 4150 ln.
1325 4087 1414 4158 5660).
