3382 5358
299 629 359 692 144
620 627 671 678 DE
693 625 821 678 CAELO
845 627 892 677 ET
917 627 1097 678 INFERNO.

292 817 369 862 curn
392 796 526 881 angelis
548 797 634 862 caeli
658 807 696 863 ut
720 807 797 862 cum
821 798 901 874 suis,
926 807 963 863 et
985 798 1101 882 angeli
1123 797 1210 863 caeli
1240 814 1318 864 cum
1347 800 1415 868 illis

292 894 440 957 vicissim
464 903 502 958 ut
521 913 598 957 curn
618 895 696 967 suis,
717 903 753 958 et
776 895 809 958 in
833 893 900 958 illis
923 893 1058 958 caelum
1081 905 1117 960 et
1140 898 1286 960 mundus
1308 913 1413 961 unum

291 987 455 1052 lecerunt.
501 987 552 1052 At
571 989 676 1052 bomo
692 998 770 1072 post
788 989 848 1053 illa
864 999 1021 1072 tempora
1037 1009 1074 1054 se
1093 993 1286 1056 successive
1302 1009 1411 1057 rento·

291 1083 342 1146 vit
361 1103 380 1147 e
400 1083 508 1160 caelo,
527 1103 587 1166 per
605 1085 638 1147 id
658 1084 749 1166 quod
768 1094 900 1148 amaret
920 1103 957 1148 se
976 1105 1057 1168 prae
1078 1085 1240 1162 Domino,
1259 1096 1296 1151 et
1315 1107 1413 1150 mun·

292 1179 373 1242 dum
392 1187 473 1262 prae
490 1179 608 1258 caelo;
632 1181 711 1244 inde
727 1181 854 1244 sentire
871 1181 986 1263 coepit
1003 1181 1152 1264 jucunda
1168 1183 1294 1246 amoris
1310 1184 1361 1246 sui
1377 1191 1413 1247 et

293 1276 409 1338 mundi
429 1285 588 1358 separata
606 1295 626 1338 a
641 1273 798 1356 jucundis
818 1275 915 1351 caeli,
933 1287 969 1340 et
989 1277 1130 1340 tandem
1149 1297 1255 1359 usque
1272 1277 1360 1341 adeo
1376 1287 1413 1341 ut

294 1372 441 1434 nesciret
460 1369 539 1453 quid
559 1370 651 1434 aliud
665 1369 873 1452 jucundum:
905 1382 987 1436 tunc
1004 1371 1121 1436 clausa
1139 1383 1220 1436 sunt
1239 1373 1412 1446 interiora,

293 1485 378 1547 quae
392 1475 575 1548 patuerunt
589 1465 622 1528 in
635 1465 780 1540 caelum,
795 1476 830 1530 et
844 1477 965 1548 aperta
982 1469 1157 1532 exteriora
1170 1467 1213 1531 ad
1228 1469 1391 1532 mundum
1404 1489 1411 1544 ς

293 1559 384 1641 quod
407 1579 484 1623 cum
508 1559 557 1634 fit,
575 1559 681 1623 homo
699 1561 733 1622 in
757 1561 832 1624 luce
851 1571 905 1624 est
924 1563 1037 1644 quoad
1057 1564 1172 1625 omnia
1189 1583 1276 1645 quae
1296 1564 1412 1625 mundi

292 1665 383 1730 sunt,
401 1665 436 1720 et
456 1657 489 1718 in
507 1655 653 1737 caligine
672 1655 786 1738 quoad
806 1657 922 1720 omnia
940 1677 1027 1740 quae
1046 1659 1132 1721 caeli
1152 1667 1243 1721 sunt.

356 1765 453 1833 253.
491 1751 573 1814 Post
597 1749 656 1814 illa
679 1761 837 1832 tempora
859 1771 936 1816 raro
958 1751 1080 1835 aliquis
1104 1753 1239 1817 locutus
1258 1761 1312 1816 est
1336 1771 1412 1815 cum

292 1845 426 1926 angelis
456 1845 552 1920 caeli,
571 1845 632 1908 sed
661 1844 765 1927 aliqui
788 1865 865 1910 cum
889 1847 1062 1929 spiritibus
1085 1849 1141 1931 qui
1165 1867 1234 1911 non
1257 1849 1291 1910 in
1315 1847 1413 1910 caelo

293 1949 372 2004 sunt
386 1963 407 2023 ;,
427 1942 591 2006 interiora
614 1941 704 2004 enim
728 1951 764 2005 et
788 1943 962 2006 exteriora
985 1940 1133 2006 hominis
1156 1943 1240 2007 talia
1263 1951 1355 2007 sunt.
1375 1951 1412 2005 ut

292 2035 347 2100 vel
366 2055 532 2100 conversa
551 2036 620 2099 sint
636 2035 679 2098 ad
697 2035 881 2099 Dominum
901 2047 939 2100 ut
956 2037 999 2100 ad
1016 2035 1181 2101 Centrum
1200 2057 1297 2101 suum
1317 2056 1410 2100 com·

293 2150 395 2195 mune
417 2129 464 2214 (n.
484 2129 570 2213 124),
591 2131 646 2194 vel
662 2131 705 2194 ad
725 2151 762 2194 se
781 2132 902 2213 ipsum,
919 2132 967 2195 ita
984 2141 1079 2196 retro
1094 2153 1114 2196 a
1130 2132 1301 2209 Domino;
1325 2153 1412 2214 quae

292 2227 336 2292 ad
360 2227 545 2290 Dominum
570 2247 737 2290 conversa
766 2235 857 2301 sunt,
878 2228 983 2290 etiam
1011 2227 1055 2290 ad
1085 2227 1220 2291 caelum
1243 2247 1411 2290 conversa

292 2331 384 2397 sunt,
407 2343 494 2404 quae
521 2331 637 2385 autem
667 2321 712 2384 ad
741 2341 778 2385 se
805 2322 926 2406 ipsum,
950 2322 1054 2384 etiam
1085 2321 1128 2384 ad
1161 2321 1344 2398 mundum;
1376 2331 1411 2384 et

292 2439 380 2501 quae
409 2415 474 2481 huc
498 2437 598 2480 versa
626 2425 718 2492 sunt,
743 2435 846 2497 aegre
876 2415 1003 2480 elevari
1033 2425 1200 2497 possunt:
1232 2416 1412 2480 elevantur

292 2521 448 2574 tamena
471 2510 631 2588 Domino,
649 2519 814 2594 quantum
838 2509 908 2574 fieri
928 2520 1056 2592 potest,
1074 2530 1134 2592 per
1151 2511 1411 2574 conversionem

293 2607 429 2682 amoris,
449 2615 485 2670 et
501 2605 567 2670 hoc
587 2605 625 2669 fit
645 2626 705 2688 per
722 2625 804 2668 vera
822 2625 867 2668 ex
887 2603 1015 2668 Verbo.

355 2713 452 2784 ²54·
485 2700 693 2764 Insormatus
715 2719 790 2762 sum
813 2699 986 2782 quomodo
1008 2699 1179 2762 'Dominus
1202 2699 1338 2764 locutus
1357 2709 1410 2764 est

293 2813 370 2858 cum
393 2795 582 2877 prophetis,
603 2815 663 2877 per
685 2815 771 2876 quos
790 2793 954 2857 Verbum.
1000 2793 1080 2858 Non
1104 2795 1237 2858 locutus
1260 2805 1314 2858 est
1334 2815 1411 2858 cum

292 2889 359 2953 illis
382 2891 469 2954 sicut
493 2909 569 2952 curn
597 2890 745 2971 antiquis
769 2909 829 2971 per
851 2888 1017 2952 influxum
1041 2889 1074 2952 in
1097 2891 1259 2954 interiora
1282 2910 1409 2964 eorum,

292 2985 353 3049 sed
378 3006 437 3068 per
460 2985 599 3066 spiritus
622 2985 678 3066 qui
709 2985 801 3046 missi
831 2994 911 3048 sunt
941 2984 984 3046 ad
1015 2984 1104 3060 illos,
1128 3005 1214 3067 quos
1245 2985 1411 3048 Dominus

292 3079 449 3162 implevit
468 3101 529 3143 suo
548 3076 699 3162 aspectu,
717 3099 756 3142 ac
777 3079 825 3142 ita
841 3078 1019 3160 inspiravit
1036 3080 1141 3142 verba
1159 3099 1245 3162 quae
1265 3079 1410 3164 prophe-

293 3177 338 3238 tis
357 3173 554 3252 dictabam
572 3175 626 3240 ¹sic
646 3182 770 3236 utnon
790 3183 882 3236 esset
900 3171 1058 3246 influxus,
1079 3174 1139 3236 sed
1158 3171 1351 3238 dictamen:
1376 3185 1411 3239 et

292 3271 369 3352 quia
388 3269 493 3333 verba
511 3291 556 3333 ex
582 3268 730 3333 Domino
749 3268 950 3332 immediate
966 3269 1227 3348 proveniebant,
1244 3269 1322 3333 ideo
1341 3269 1410 3333 sin·

293 3365 374 3447 gula
392 3364 537 3447 impleta
558 3375 639 3428 sunt
663 3363 799 3439 Divino,
820 3372 857 3426 et
879 3363 969 3426 inse
992 3365 1174 3426 continent
1198 3383 1336 3428 sensum
1358 3366 1410 3428 in·

292 3471 440 3532 ternum,
465 3460 521 3542 qui
551 3459 630 3523 talis
657 3467 723 3534 est,
748 3468 785 3521 ut
815 3457 929 3538 angeli
960 3457 1045 3521 caeli
1071 3459 1262 3540 percipiant
1292 3458 1351 3522 illa
1377 3459 1410 3522 in

293 3557 436 3622 caelesti
456 3565 491 3619 et
515 3553 681 3636 spirituali
705 3573 817 3626 sensu,
838 3571 915 3616 cum
938 3551 1096 3616 homines
1119 3555 1152 3616 in
1171 3553 1339 3631 naturali;
1363 3555 1410 3618 sic

295 3652 474 3734 conjunxit
489 3650 656 3713 Dominus
669 3649 802 3712 caelum
815 3657 851 3710 et
864 3647 1027 3710 mundum
1041 3667 1101 3730 per
1112 3646 1276 3711 Verbum.
1315 3647 1410 3730 Quo·

293 3749 397 3812 modo
421 3746 558 3827 spiritus
581 3744 767 3826 implentur
787 3741 912 3806 Divino
935 3742 1122 3805 aDomino
1141 3762 1200 3825 per
1223 3741 1409 3826 aspectum,

293 3845 398 3907 etiam
421 3851 599 3905 ostensum
623 3847 687 3903 est.
733 3837 878 3920 Spiritus
901 3837 1064 3919 impletus
1081 3837 1206 3901 Divino
1222 3857 1242 3899 a
1261 3837 1411 3900 Domino

294 3957 361 4001 non
381 3937 481 4000 aliter
499 3935 574 4008 scit,
595 3952 696 4016 quam
715 3933 806 4016 quod
822 3932 881 3996 ille
900 3931 1067 3996 Dominus
1083 3935 1138 4006 sit,
1152 3943 1187 3995 et
1206 3933 1297 4015 quod
1315 3933 1410 3996 Divi·

294 4049 373 4094 num
390 4031 434 4094 sit
454 4029 544 4112 quod
561 4029 721 4112 loquitur,
738 4037 774 4092 et
793 4027 858 4092 hoc
878 4049 920 4091 eo
939 4047 1045 4111 usque
1064 4027 1144 4090 dum
1161 4026 1317 4092 elocutus
1336 4039 1410 4104 est;

293 4135 416 4209 postea
442 4125 631 4208 appercipit
654 4133 690 4188 et
713 4123 872 4204 agnoscit
895 4123 985 4204 quod
1009 4124 1147 4204 spiritus
1173 4123 1228 4197 sit,
1253 4133 1289 4186 et
1320 4123 1410 4205 quod

290 4221 350 4286 ille
369 4239 437 4284 non
454 4219 589 4282 locutus
608 4219 653 4282 sit
673 4237 692 4281 a
711 4237 747 4281 se
767 4218 827 4281 sed
844 4237 864 4280 a
883 4217 1042 4280 Domino.
1088 4215 1178 4299 Quia
1196 4217 1276 4282 talis
1299 4227 1411 4282 status

292 4317 354 4382 suit
377 4316 566 4399 spirituum,
584 4313 640 4396 qui
663 4312 769 4376 locuti
792 4321 872 4376 sunt
896 4331 972 4375 cum
996 4311 1184 4394 prophetis,
1204 4311 1283 4376 ideo
1305 4313 1410 4376 etiam

293 4413 337 4477 ab
355 4411 422 4476 illis
440 4411 564 4474 dicitur
582 4407 673 4492 quod
692 4407 846 4489 Jehovah
865 4407 999 4470 locutus
1016 4408 1081 4484 sit;
1108 4408 1212 4472 etiam
1231 4407 1295 4490 ipsi
1314 4407 1410 4490 spiri·

294 4518 350 4572 tus
372 4527 409 4570 se
438 4503 698 4587 appellaverunt
727 4501 914 4584 Jehovam;
949 4511 986 4565 ut
1010 4509 1173 4565 constare
1196 4511 1311 4584 potest
1341 4519 1410 4566 non

294 4601 404 4666 solum
422 4619 443 4664 a
461 4597 671 4682 propheticis
691 4597 751 4661 sed
770 4598 876 4661 etiarn
895 4615 940 4660 ex
959 4596 1132 4660 historicis
1151 4595 1267 4661 Verbi.
